@STRING{AJPS = {American Journal of Political Science}}
@STRING{ajps = {American Journal of Political Science}}
@STRING{apsa = {Paper presented at the Annual Meeting of the American Political Science
    Association}}
@STRING{APSR = {American Political Science Review}}
@STRING{apsr = {American Political Science Review}}
@STRING{ASR = {American Sociological Review}}
@STRING{BJPS = {British Journal of Political Science}}
@STRING{bjps = {British Journal of Political Science}}
@STRING{cp = {Comparative Politics}}
@STRING{cps = {Comparative Political Studies}}
@STRING{CPS = {Comparative Political Studies}}
@STRING{cup = {Cambridge University Press}}
@STRING{ejpr = {European Journal of Political Research}}
@STRING{icpsr = {Inter-University Consortium for Political and Social Research}}
@STRING{IO = {International Organization}}
@STRING{ISQ = {International Studies Quarterly}}
@STRING{jasa = {Journal of the American Statistical Association}}
@STRING{jbes = {Journal of Business \& Economic Statistics}}
@STRING{JCR = {Journal of Conflict Resolution}}
@STRING{joe = {Journal of Econometrics}}
@STRING{JOP = {Journal of Politics}}
@STRING{jop = {Journal of Politics}}
@STRING{JPR = {Journal of Peace Research}}
@STRING{lsq = {Legislative Studies Quarterly}}
@STRING{midwest = {Paper presented at the Annual Meeting of the Midwest Political Science
    Association}}
@STRING{pc = {Public Choice}}
@STRING{PRQ = {Political Research Quarterly}}
@STRING{pup = {Princeton University Press}}
@STRING{southern = {Paper presented at the Annual Meeting of the Southern Political Science
    Association}}
@STRING{tas = {The American Statistician}}
@STRING{WP = {World Politics}}

@ARTICLE{AbbottSnidal2000,
  author =	 {Kenneth W. Abbott and Duncan Snidal},
  title =	 {Hard and Soft Law in International Governance},
  journal =	 {International Organization},
  year =	 2000,
  volume =	 54,
  pages =	 {421-456},
  number =	 3
}

@article{Abbottetal2000,
  title =	 {The Concept of Legalization},
  author =	 {Abbott, Kenneth W. and Keohane, Robert O. and
                  Moravcsik, Andrew and Slaughter, Anne Marie and
                  Snidal, Duncan},
  journal =	 {International Organization},
  volume =	 54,
  number =	 3,
  pages =	 {401--419},
  year =	 2000,
  publisher =	 {Cambridge University Press; International
                  Organization Foundation}
}

@article{AbouharbCingranelli2006,
  title =	 {The Human Rights Effects of World Bank Structural
                  Adjustment, 1981--2000},
  author =	 {Abouharb, M Rodwan and Cingranelli, David L},
  journal =	 {International Studies Quarterly},
  volume =	 50,
  number =	 2,
  pages =	 {233--262},
  year =	 2006,
  publisher =	 {Wiley Online Library}
}

@book{AbouharbCingranelli2007,
  title =	 {Human rights and Structural Adjustment},
  author =	 {Abouharb, M. Rodwan and Cingranelli, David},
  year =	 2007,
  publisher =	 {Cambridge University Press}
}

@book{AcemogluRobinson2005,
  title =	 {Economic origins of dictatorship and democracy},
  author =	 {Acemoglu, Daron and Robinson, James A},
  year =	 2005,
  publisher =	 {Cambridge University Press}
}

@article{Albert1992,
  title =	 {Bayesian estimation of normal ogive item response
                  curves using Gibbs sampling},
  author =	 {Albert, J.H.},
  journal =	 {Journal of Educational and Behavioral Statistics},
  volume =	 17,
  number =	 3,
  pages =	 251,
  year =	 1992,
  publisher =	 {Sage Publications}
}

@ARTICLE{Alvarezetal1996,
  author =	 {Michael Alvarez and Jos\'{e} Cheibub and Fernando
                  Limongi and Adam Przeworski},
  title =	 {Classifying Political Regimes},
  journal =	 {Studies in Comparative International Development},
  year =	 1996,
  volume =	 31,
  pages =	 {1-37},
  number =	 2
}

@book{Anckar2004,
  title =	 {Determinants of the Death Penalty: A Comparative
                  Study of the World},
  author =	 {Anckar, Carsten},
  year =	 2004,
  publisher =	 {Routledge}
}

@article{AngristKugler2008,
  title =	 {Rural Windfall or a New Resource Curse? Coca,
                  Income, and Civil Conflict in Colombia},
  author =	 {Angrist, Joshua D. and Kugler, Adriana D.},
  journal =	 {The Review of Economics and Statistics},
  volume =	 90,
  number =	 2,
  pages =	 {191--215},
  year =	 2008,
  publisher =	 {MIT Press}
}

@article{Apodaca2001,
  title =	 {Global Economic Patterns and Personal Integrity
                  Rights after the Cold War},
  author =	 {Apodaca, Clair},
  journal =	 {International Studies Quarterly},
  volume =	 45,
  number =	 4,
  pages =	 {587--602},
  year =	 2001,
  publisher =	 {Wiley Online Library}
}

@book{Arendt1958,
  title =	 {The Origins of Totalitarianism},
  author =	 {Arendt, Hannah},
  year =	 1958,
  edition =	 {2nd},
  publisher =	 {Meridian},
  address =	 {New York}
}

@article{Arsanjani1999,
  title =	 {The Rome Statute of the International Criminal
                  Court},
  author =	 {Arsanjani, Mahnoush H.},
  journal =	 {American Journal of International Law},
  volume =	 93,
  number =	 1,
  pages =	 {22--43},
  year =	 1999,
  publisher =	 {JSTOR}
}

@article{BDMSmith2009,
  title =	 {Political survival and endogenous institutional
                  change},
  author =	 {Bueno de Mesquita, Bruce Bueno and Smith, Alastair},
  journal =	 {Comparative Political Studies},
  volume =	 42,
  number =	 2,
  pages =	 {167--197},
  year =	 2009,
  publisher =	 {SAGE Publications}
}

@ARTICLE{BDMetal2005,
  author =	 {Bueno de Mesquita, Bruce and George W. Downs and
                  Alastair Smith and Feryal Marie Cherif},
  title =	 {Thinking Inside the Box: A Closer Look at Democracy
                  and Human Rights},
  journal =	 {International Studies Quarterly},
  year =	 2005,
  volume =	 49,
  pages =	 {439-457}
}

@article{Bagozzi2013,
  title =	 {Forecasting Civil Conflict with Zero-Inflated Count
                  Models},
  author =	 {Bagozzi, Benjamin},
  journal =	 {Working Paper, Pennsylvania State University},
  year =	 2013
}

@article{Bagozzietal,
  title =	 {Modeling Two Types of Peace: The Zero-Inflated
                  Ordered Probit Model in Conflict Studies},
  author =	 {Bagozzi, Benjamin and Hill Jr., Daniel W. and Moore,
                  Will H. and Mukherjee, Bumba},
  journal =	 {Journal of Conflict Resolution},
  year =	 {Forthcoming}
}

@MISC{Banks2001,
  author =	 {Arthur S. Banks},
  title =	 {Cross-National Time-Series Data Archive},
  year =	 2001,
  note =	 {Binghamton: Center for Social Analysis},
  url =		 {http://www.databanks.sitehosting.net/}
}

@article{BeckKatzTucker1998,
  title =	 {Taking time seriously: Time-series-cross-section
                  analysis with a binary dependent variable},
  author =	 {Beck, Neal and Katz, Jonathan N. and Tucker,
                  Richard},
  journal =	 {American Journal of Political Science},
  volume =	 42,
  number =	 4,
  pages =	 {1260--1288},
  year =	 1998,
  publisher =	 {JSTOR}
}

@Article{BeckKingZeng2000,
  title =	 {Improving Quantitative Studies of International
                  Conflict: a Conjecture},
  author =	 {Beck, Nathaniel and King, Gary and Zeng, Langche},
  journal =	 {American Political Science Review},
  pages =	 {21--35},
  year =	 2000,
  publisher =	 {JSTOR}
}

@UNPUBLISHED{Belletal2013,
  author =	 {Bell, Sam R. and K. Chad Clay and Michael E. Flynn
                  and Amanda Murdie},
  title =	 {Now You See It, Now You Don't? Transparency and
                  Change in Government Respect for Physical Integrity
                  Rights},
  note =	 {Paper Presented at the Annual Meeting of the
                  International Studies Association},
  year =	 2013
}

@INCOLLECTION{Bentham1996,
  author =	 {Bentham, Jeremy},
  title =	 {An Introduction to the Principles of Morals and
                  Legislation},
  booktitle =	 {The Collected Workds of Jeremy Bentham},
  publisher =	 {Oxford University Press},
  year =	 1996,
  editor =	 {Burns, J.H., and H.L.A. Hart},
  address =	 {New York}
}

@article{Bernauer1994,
  title =	 {The Effect of International Environmental
                  Institutions: How We Might Learn More},
  author =	 {Bernauer, Thomas},
  journal =	 {International Organization},
  volume =	 49,
  number =	 02,
  pages =	 {351--377},
  year =	 1994,
  publisher =	 {Cambridge Univ Press}
}

@UNPUBLISHED{BerryGolderMilton2011,
  author =	 {Berry, William D. and Matt Golder and Daniel Milton},
  title =	 {Improving Tests of Theories Positing Interaction},
  year =	 2011,
}

@book{Boix2003,
  title =	 {Democracy and redistribution},
  author =	 {Boix, Carles},
  year =	 2003,
  publisher =	 {Cambridge University Press}
}

@article{BondBondOhJenkinsTaylor2003,
  title =	 {Integrated Data for Events Analysis (IDEA): An Event
                  Typology for Automated Events Data Development},
  author =	 {Bond, Doug and Bond, Joe and Oh, C. and Jenkins,
                  J. Craig and Taylor, Charles L.},
  journal =	 {Journal of Peace Research},
  volume =	 40,
  number =	 6,
  pages =	 {733--745},
  year =	 2003,
  publisher =	 {PRIO}
}

@article{Borjas1996,
  title =	 {Searching for the Effect of Immigration on the Labor
                  Market},
  author =	 {Borjas, George J. and Freeman, Richard B. and Katz,
                  Lawrence F.},
  journal =	 {The American Economic Review},
  volume =	 86,
  number =	 2,
  pages =	 {246--251},
  year =	 1996,
  publisher =	 {JSTOR}
}

@book{Borjas2001,
  title =	 {Heaven's Door: Immigration Policy and the American
                  Economy},
  author =	 {Borjas, George J.},
  year =	 2001,
  publisher =	 {Princeton University Press}
}

@article{Boykoff2007,
  title =	 {Limiting dissent: the mechanisms of state repression
                  in the USA},
  author =	 {Boykoff, Jules},
  journal =	 {Social Movement Studies},
  volume =	 6,
  number =	 3,
  pages =	 {281--310},
  year =	 2007,
  publisher =	 {Taylor \& Francis}
}

@article{BradleyGoldsmith2000,
  title =	 {Treaties, Human Rights, and Conditional Consent},
  author =	 {Bradley, Curtis A. and Goldsmith, Jack L.},
  journal =	 {University of Pennsylvania Law Review},
  volume =	 149,
  number =	 2,
  pages =	 {399--468},
  year =	 2000,
  publisher =	 {JSTOR}
}

@article{Bramboretal2006,
  title =	 {Understanding Interaction Models: Improving
                  Empirical Analyses},
  author =	 {Brambor, Thomas and Clark, William Roberts and
                  Golder, Matt},
  journal =	 {Political Analysis},
  volume =	 14,
  number =	 1,
  pages =	 {63--82},
  year =	 2006,
  publisher =	 {SPM-PMSAPSA}
}

@article{Brandtetal2011,
  title =	 {Real time, time series forecasting of inter-and
                  intra-state political conflict},
  author =	 {Brandt, Patrick T and Freeman, John R and Schrodt,
                  Philip A},
  journal =	 {Conflict Management and Peace Science},
  volume =	 28,
  number =	 1,
  pages =	 {41--64},
  year =	 2011,
  publisher =	 {Sage Publications}
}

@article{Braun2004,
  title =	 {Proliferation Rings: New Challenges to the Nuclear
                  Nonproliferation Regime},
  author =	 {Braun, Chaim and Chyba, Christopher F.},
  journal =	 {International Security},
  volume =	 29,
  number =	 2,
  pages =	 {5--49},
  year =	 2004,
  publisher =	 {MIT Press}
}

@article{Butcher1991,
  title =	 {Immigration and Wages: Evidence from the 1980's},
  author =	 {Butcher, Kristin F. and Card, David},
  journal =	 {The American Economic Review},
  volume =	 81,
  number =	 2,
  pages =	 {292--296},
  year =	 1991,
  publisher =	 {JSTOR}
}

@misc{CCP2010,
  title =	 {Characteristics of National Constitutions, Version
                  1.0.},
  author =	 {Elkins, Zachary and Ginsburg, Tom and Melton, James},
  year =	 2010,
  url =
                  {http://www.comparativeconstitutionsproject.org/index.htm}
}

@misc{CCPe2010,
  title =	 {Chronology of Constitutional Events, Version 1.1.},
  author =	 {Elkins, Zachary and Ginsburg, Tom and Melton, James},
  year =	 2010,
  url =
                  {http://www.comparativeconstitutionsproject.org/index.htm}
}

@MISC{CIRI2010,
  author =	 {David L. Cingranelli and David L. Richards},
  title =	 {The Cingranelli-Richards (CIRI) Human Rights
                  Dataset},
  year =	 2010,
  url =		 {http://www.humanrightsdata.org}
}

@article{Card2005,
  title =	 {Is the New Immigration Really so Bad?},
  author =	 {Card, David},
  journal =	 {The Economic Journal},
  volume =	 115,
  number =	 507,
  pages =	 {F300--F323},
  year =	 2005,
  publisher =	 {Wiley Online Library}
}

@ARTICLE{Carey2000,
  author =	 {Carey, John M.},
  title =	 {Parchment, Equilibria, and Institutions},
  journal =	 {Comparative Political Studies},
  year =	 2000,
  volume =	 33,
  number =	 {6/7},
  pages =	 {735--761},
  publisher =	 {SAGE PUBLICATIONS LTD}
}

@article{CarmentRowlans1998,
  title =	 {Three's Company: Evaluating Third-party Intervention
                  in Intrastate Conflict},
  author =	 {Carment, David and Rowlands, Dane},
  journal =	 {Journal of Conflict Resolution},
  volume =	 42,
  number =	 5,
  pages =	 {572--599},
  year =	 1998,
  publisher =	 {JSTOR}
}

@ARTICLE{Carrubba2009,
  author =	 {Carrubba, Clifford J.},
  title =	 {A Model of the Endogenous Development of Judicial
                  Institutions in Federal and International Systems},
  journal =	 {Journal of Politics},
  year =	 2009,
  volume =	 71,
  pages =	 {1--15},
  number =	 1,
  publisher =	 {Blackwell Synergy}
}

@article{CarterSignorino2010,
  title =	 {Back to the future: Modeling time dependence in
                  binary data},
  author =	 {Carter, David B. and Signorino, Curtis S.},
  journal =	 {Political Analysis},
  volume =	 18,
  number =	 3,
  pages =	 271,
  year =	 2010,
  publisher =	 {SPM-PMSAPSA}
}

@article{CavallaroBrewer2008,
  title =	 {Reevaluating Regional Human Rights Litigation in the
                  Twenty-First Century: The Case of the Inter-American
                  Court},
  author =	 {Cavallaro, James L. and Brewer, Stephanie Erin},
  journal =	 {American Journal of International Law},
  volume =	 102,
  pages =	 {768--827},
  number =	 1,
  year =	 2008,
  publisher =	 {HeinOnline}
}

@book{ChangKornbluh1992,
  title =	 {The Cuban Missile Crisis, 1962: a National Security
                  Archive Documents Reader},
  author =	 {Chang, Laurence and Kornbluh, Peter},
  year =	 1992,
  publisher =	 {The New Press},
  address =	 {New York}
}

@ARTICLE{Cheibub1998,
  author =	 {Cheibub, Jos\'{e} A.},
  title =	 {Political Regimes and the Extractive Capacity of
                  Governments: Taxation in Democracies and
                  Dictatorships},
  journal =	 {World Politics},
  year =	 1998,
  volume =	 50,
  pages =	 {349--376},
  number =	 3
}

@UNPUBLISHED{CheibubGandhi2004data,
  author =	 {Jos\'{e} Antonio Cheibub and Jennifer Gandhi},
  title =	 {Classifying Political Regimes: A Six Fold
                  Classification of Democracies and Dictatorships},
  note =	 {Dataset, Yale University},
  year =	 2004
}

@BOOK{Chwe2003,
  title =	 {Rational Ritual: Culture, Coordination, and Common
                  Knowledge},
  author =	 {Chwe, Michael Suk-Young},
  year =	 2003,
  publisher =	 {Princeton University Press},
  address =	 {Princeton}
}

@article{CingranelliFilippov2010,
  title =	 {Electoral Rules and Incentives to Protect Human
                  Rights},
  author =	 {Cingranelli, David and Filippov, Mikhail},
  journal =	 {Journal of Politics},
  volume =	 72,
  number =	 1,
  pages =	 {243--257},
  year =	 2010,
  publisher =	 {Cambridge Univ Press}
}

@ARTICLE{CingranelliRichards1999isq,
  author =	 {David L. Cingranelli and David L. Richards},
  title =	 {Measuring the Level, Pattern and Sequence of
                  Government Respect for Physical Integrity Rights},
  journal =	 ISQ,
  year =	 1999,
  volume =	 43,
  pages =	 {407-418},
  number =	 2
}

@article{CingranelliRichards2010,
  title =	 {The Cingranelli and Richards (CIRI) Human Rights
                  Data Project},
  author =	 {Cingranelli, David L. and Richards, David L.},
  journal =	 {Human Rights Quarterly},
  volume =	 32,
  number =	 2,
  pages =	 {401--424},
  year =	 2010,
  publisher =	 {The Johns Hopkins University Press}
}

@UNPUBLISHED{CingranelliRichardsCDBK,
  author =	 {David L. Cingranelli and David L. Richards},
  title =	 {The Cingranelli Richards (CIRI) Human Rights
                  Database Coding Manual},
  note =	 {available online at:
                  http://ciri.binghamton.edu/documentation.asp},
  year =	 2004
}

@ARTICLE{Clagueetal1999,
  author =	 {Christopher Clague and Philip Keefer and Stephen
                  Knack and Mancur Olson},
  title =	 {Contract-Intensive Money: Contract Enforcement,
                  Property Rights, and Economic Performance},
  journal =	 {Journal of Economic Growth},
  year =	 1999,
  volume =	 4,
  pages =	 {185--211},
  number =	 2,
  publisher =	 {Springer}
}

@BOOK{Clark2001,
  title =	 {Diplomacy of Conscience: Amnesty International and
                  Changing Human Rights Norms},
  publisher =	 {Princeton University Press},
  year =	 2001,
  author =	 {Clark, Ann Marie},
  address =	 {Princeton}
}

@UNPUBLISHED{ClarkGolderGolder2013,
  author =	 {Clark, William Roberts and Golder, Matt and Golder,
                  Sona N.},
  title =	 {Power and Politics: Insights from an Exit, Voice,
                  and Loyalty Game},
  note =	 {Working paper, University of Michigan and
                  Pennsylvania State University},
  year =	 2013
}

@article{ClintonJackman2009,
  title =	 {To Simulate or NOMINATE?},
  author =	 {Clinton, Joshua D. and Jackman, Simon},
  journal =	 {Legislative Studies Quarterly},
  volume =	 34,
  number =	 4,
  pages =	 {593--621},
  year =	 2009,
  publisher =	 {Wiley Online Library}
}

@article{ClintonJackmanRivers2004,
  title =	 {The statistical analysis of roll call data},
  author =	 {Clinton, Joshua and Jackman, Simon and Rivers,
                  Douglas},
  journal =	 {American Political Science Review},
  volume =	 98,
  number =	 2,
  pages =	 {355--370},
  year =	 2004,
  publisher =	 {Cambridge Univ Press}
}

@book{CohenNagel1934,
  title =	 {An Introduction to Logic and Scientific Method},
  author =	 {Cohen, Morris R. and Nagel, Ernest},
  year =	 1934,
  publisher =	 {Harcourt, Brace},
  address =	 {New York}
}

@book{Congdon2003,
  title =	 {Applied Bayesian Modelling},
  author =	 {Congdon, Peter},
  year =	 2003,
  publisher =	 {John Wiley \& Sons Inc}
}

@article{Conrad2012,
  title =	 {Divergent Incentives for Dictators: Domestic
                  Institutions and (International Promises Not to)
                  Torture},
  author =	 {Conrad, Courtenay R},
  journal =	 {Journal of Conflict Resolution},
  year =	 2012,
  publisher =	 {SAGE Publications}
}

@article{ConradHaglundMoore2012,
  title =	 {Disaggregating Torture Allegations: Introducing the
                  Ill-Treatment and Torture (ITT) Country-Year Data},
  author =	 {Conrad, Courtenay R and Haglund, Jillienne and
                  Moore, Will H},
  journal =	 {International Studies Perspectives},
  year =	 2012,
  publisher =	 {Wiley Online Library}
}

@article{ConradMoore2010,
  title =	 {What Stops the Torture?},
  author =	 {Conrad, Courtenay Ryals and Moore, Will H.},
  journal =	 {American Journal of Political Science},
  year =	 2010,
  pages =	 {459 - 476},
  volume =	 54,
  number =	 2
}

@article{ConradRitter2013,
  title =	 {Tenure, Treaties, and Torture: The Conflicting
                  Domestic Effects of International Law},
  author =	 {Conrad, Courtenay R and Ritter, Emily Hencken},
  journal =	 {Journal of Politics},
  year =	 2013
}

@article{CooleyRon2002,
  title =	 {The NGO scramble: Organizational insecurity and the
                  political economy of transnational action},
  author =	 {Cooley, Alexander and Ron, James},
  journal =	 {International Security},
  volume =	 27,
  number =	 1,
  pages =	 {5--39},
  year =	 2002,
  publisher =	 {MIT Press}
}

@ARTICLE{Cross1999,
  author =	 {Frank B. Cross},
  title =	 {The Relevance of Law in Human Rights Protection},
  journal =	 {International Review of Law and Economics},
  year =	 1999,
  volume =	 19,
  pages =	 {87-98},
  number =	 1
}

@BOOK{Dahl1971,
  title =	 {Polyarchy: Participation and Opposition},
  publisher =	 {Yale University Press},
  year =	 1971,
  author =	 {Robert Dahl},
  address =	 {New Haven}
}

@BOOK{Dahl1998,
  title =	 {On Democracy},
  publisher =	 {Yale University Press},
  year =	 1998,
  author =	 {Robert Dahl},
  address =	 {New Haven}
}

@article{Dai2005,
  title =	 {Why comply? The domestic constituency mechanism},
  author =	 {Dai, Xinyuan},
  journal =	 {International Organization},
  volume =	 59,
  number =	 2,
  pages =	 {363--398},
  year =	 2005,
  publisher =	 {Cambridge Univ Press}
}

@ARTICLE{Davenport1995,
  author =	 {Christian Davenport},
  title =	 {Multi-Dimensional Threat Perception and State
                  Repression: An Inquiry Into Why States Apply
                  Negative Sanctions},
  journal =	 AJPS,
  year =	 1995,
  volume =	 39,
  pages =	 {683-713},
  number =	 3
}

@ARTICLE{Davenport1996JOP,
  author =	 {Christian Davenport},
  title =	 {`Constitutional Promises' and Repressive Reality: A
                  Cross-National Time-Series Investigation of Why
                  Political and Civil Liberties are Suppressed},
  journal =	 JOP,
  year =	 1996,
  volume =	 58,
  pages =	 {627-654},
  number =	 3
}

@article{Davenport1999,
  title =	 {Human Rights and the Democratic Proposition},
  author =	 {Davenport, Christian},
  journal =	 {Journal of Conflict Resolution},
  volume =	 43,
  number =	 1,
  pages =	 {92--116},
  year =	 1999,
  publisher =	 {Sage Publications}
}

@article{Davenport2005,
  title =	 {Understanding covert repressive action The case of
                  the US Government against the Republic of New
                  Africa},
  author =	 {Davenport, Christian},
  journal =	 {Journal of Conflict Resolution},
  volume =	 49,
  number =	 1,
  pages =	 {120--140},
  year =	 2005,
  publisher =	 {Sage Publications}
}

@book{Davenport2007,
  title =	 {State Repression and the Domestic Democratic Peace},
  author =	 {Davenport, Christian},
  year =	 2007,
  publisher =	 {Cambridge University Press}
}

@ARTICLE{Davenport2007AR,
  author =	 {Christian Davenport},
  title =	 {State Repression and Political Order},
  journal =	 {Annual Review of Political Science},
  year =	 2007,
  volume =	 10,
  pages =	 {1-27}
}

@ARTICLE{DavenportArmstrong2004,
  author =	 {Christian Davenport and David Armstrong},
  title =	 {Democracy and the Violation of Human Rights: A
                  Statistical Analysis from 1976-1996},
  journal =	 {American Journal of Political Science},
  year =	 2004,
  volume =	 48,
  pages =	 {538-554},
  number =	 3
}

@UNPUBLISHED{DavenportMooreArmstrong2007,
  author =	 {Christian Davenport and Will H. Moore and David
                  Armstrong},
  title =	 {The Puzzle of Abu Ghraib: Are Democratic
                  Institutions a Palliative or Panacea?},
  note =	 {Available at SSRN: http://ssrn.com/abstract=1022367},
  year =	 2007
}

@article{DeFrancoGodoy2009,
  title =	 {The Economic Consequences of Cocaine Production in
                  Bolivia: Historical, Local, and Macroeconomic
                  Perspectives},
  author =	 {De Franco, Mario and Godoy, Ricardo},
  journal =	 {Journal of Latin American Studies},
  volume =	 24,
  number =	 2,
  pages =	 {375--406},
  year =	 2009,
  publisher =	 {Cambridge Univ Press}
}

@book{DeMars2010,
  title =	 {Item Response Theory},
  author =	 {DeMars, Christine},
  year =	 2010,
  publisher =	 {Oxford University Press}
}

@BOOK{DeNardo1985,
  title =	 {Power in Numbers: The Political Strategy of Protest
                  and Rebellion},
  publisher =	 {Princeton University Press},
  year =	 1985,
  author =	 {DeNardo, James D.},
  address =	 {Princeton}
}

@INCOLLECTION{DellaPorta1996,
  author =	 {Donatella Della-Porta},
  title =	 {Social Movements and the State: Thoughts on the
                  Policing of Protest},
  booktitle =	 {Comparative Perspectives on Social Movements:
                  Political Opportunities, Mobilizing Structures, and
                  Cultural Framings},
  publisher =	 {Cambridge University Press},
  year =	 1996,
  editor =	 {Doug McAdam and John D. McCarthy and Mayer N. Zald}
}

@article{DemerittYoung2013,
  title =	 {A political economy of human rights: Oil, natural
                  gas, and state incentives to repress},
  author =	 {DeMeritt, Jacqueline HR and Young, Joseph K},
  journal =	 {Conflict Management and Peace Science},
  volume =	 30,
  number =	 2,
  pages =	 {99--120},
  year =	 2013,
  publisher =	 {SAGE Publications}
}

@UNPUBLISHED{Demerittetal2014,
  author =	 {Demeritt, Jaqueline H. and Conrad, Courtenay Ryals
                  and Fariss, Christopher J. and Schnakenberg, Keith
                  E.},
  title =	 {Human Rights Advocacy and State Repression
                  Substitutability},
  note =	 {Paper Presented at the Annual Meeting of the
                  International Studies Association},
  year =	 2014
}

@book{Donnelly2003,
  title =	 {Universal Human Rights in Theory and Practice},
  author =	 {Donnelly, Jack},
  year =	 2003,
  publisher =	 {Cornell University Press}
}

@article{Downs2000c,
  title =	 {Constructing Effective Environmental Regimes},
  author =	 {Downs, George W.},
  journal =	 {Annual Review of Political Science},
  volume =	 3,
  number =	 1,
  pages =	 {25--42},
  year =	 2000,
  publisher =	 {Annual Reviews}
}

@article{DownsJones2002,
  title =	 {Reputation, compliance, and international law},
  author =	 {Downs, George W. and Jones, Michael A.},
  journal =	 {J. Legal Stud. S95},
  volume =	 31,
  year =	 2002,
  publisher =	 {HeinOnline}
}

@ARTICLE{DownsRockeBarsoom1996,
  author =	 {George W. Downs and David M. Rocke and Peter
                  N. Barsoom},
  title =	 {Is the Good News about Compliance Good News about
                  Cooperation?},
  journal =	 {International Organization},
  year =	 1996,
  volume =	 50,
  pages =	 {379-406},
  number =	 3
}

@book{Doyle1986,
  title =	 {Empires},
  author =	 {Doyle, Michael W.},
  year =	 1986,
  publisher =	 {Cornell University Press},
  address =	 {Ithaca, NY}
}

@article{Doyle2000,
  title =	 {International Peacebuilding: A Theoretical and
                  Quantitative Analysis},
  author =	 {Doyle, Michael W. and Sambanis, Nicholas},
  journal =	 {American Political Science Review},
  volume =	 94,
  number =	 4,
  pages =	 {779--801},
  year =	 2000,
  publisher =	 {JSTOR}
}

@article{Earl2003,
  title =	 {Tanks, tear gas, and taxes: Toward a theory of
                  movement repression},
  author =	 {Earl, Jennifer},
  journal =	 {Sociological Theory},
  volume =	 21,
  number =	 1,
  pages =	 {44--68},
  year =	 2003,
  publisher =	 {Wiley Online Library}
}

@article{Easterly2003,
  title =	 {Can Foreign Aid Buy Growth?},
  author =	 {Easterly, William},
  journal =	 {Journal of Economic Perspectives},
  volume =	 17,
  number =	 3,
  pages =	 {23--48},
  year =	 2003,
  publisher =	 {JSTOR}
}

@article{EckHultman2007,
  title =	 {One-Sided Violence Against Civilians in War Insights
                  from New Fatality Data},
  author =	 {Eck, Kristine and Hultman, Lisa},
  journal =	 {Journal of Peace Research},
  volume =	 44,
  number =	 2,
  pages =	 {233--246},
  year =	 2007,
  publisher =	 {Sage Publications}
}

@article{Efron1983,
  title =	 {Estimating the Error rate of a Prediction Rule:
                  Improvement on Cross-Validation},
  author =	 {Efron, Bradley},
  journal =	 {Journal of the American Statistical Association},
  volume =	 78,
  number =	 382,
  pages =	 {316--331},
  year =	 1983,
  publisher =	 {Taylor \& Francis Group}
}

@book{ElkinsGinsburgMelton2009,
  title =	 {The Endurance of National Constitutions},
  author =	 {Elkins, Zachary and Ginsburg, Tom and Melton, James},
  year =	 2009,
  publisher =	 {Cambridge University Press}
}

@article{Epp1996,
  title =	 {Do Bills of Rights Matter? The Canadian Charter of
                  Rights and Freedoms},
  author =	 {Epp, Charels R.},
  journal =	 {The American Political Science Review},
  volume =	 90,
  number =	 4,
  pages =	 {765--779},
  issn =	 {0003-0554},
  year =	 1996,
  publisher =	 {JSTOR}
}

@BOOK{Epp1998,
  title =	 {The Rights Revolution: Lawyers, Activists, and
                  Supreme Courts in Comparative Perspective},
  publisher =	 {University of Chicago Press},
  year =	 1998,
  author =	 {Epp, Charles R.},
  address =	 {Chicago}
}

@article{Fariss2013,
  title =	 {Respect for Human Rights has Improved Over Time:
                  Modeling the Changing Standard of Accountability},
  author =	 {Fariss, Christopher J},
  journal =	 {American Political Science Review},
  volume =	 108,
  year =	 2014
}

@article{FarissSchnakenberg2011,
  author =	 {Schnakenberg, Keith E and Fariss, Christopher J},
  title =	 {Dynamic Patterns of Human Rights Practices},
  journal =	 {Political Science Research and Methods},
  year =	 2013
}

@article{FarissSchnakenbergJCR,
  author =	 {Fariss, Christopher J and Schnakenberg, Keith E},
  title =	 {Measuring Mutual Dependence between Repressive
                  Actions},
  journal =	 {Journal of Conflict Resolution},
  year =	 {Forthcoming}
}

@article{Fearon2006,
  title =	 {Self-Enforcing Democracy},
  author =	 {Fearon, James D.},
  journal =	 {UC Berkeley: Institute of Governmental
                  Studies. Retrieved from:
                  http://www.escholarship.org/uc/item/1gr744vf},
  year =	 2006
}

@article{Fein1995,
  title =	 {More Murder in the Middle: Life-Integrity Violations
                  and Democracy in the World, 1987},
  author =	 {Fein, Helen},
  journal =	 {Hum. Rts. Q.},
  volume =	 17,
  pages =	 170,
  year =	 1995,
  publisher =	 {HeinOnline}
}

@book{Fetzer2000,
  title =	 {Public Attitudes Toward Immigration in the United
                  States, France, and Germany},
  author =	 {Fetzer, Joel S.},
  year =	 2000,
  publisher =	 {Cambridge University Press}
}

@article{FieldingShortland2010,
  title =	 {‘An eye for an eye, a tooth for a tooth’: Political
                  violence and counter-insurgency in Egypt},
  author =	 {Fielding, David and Shortland, Anja},
  journal =	 {Journal of Peace Research},
  volume =	 47,
  number =	 4,
  pages =	 {433--447},
  year =	 2010,
  publisher =	 {Sage Publications}
}

@ARTICLE{FinnemoreSikkink1998,
  author =	 {Finnemore, Martha and Sikkink, Katherine},
  title =	 {International Norm Dynamics and Political Change},
  journal =	 {International Organization},
  year =	 1998,
  volume =	 52,
  pages =	 {887--917},
  number =	 4,
  publisher =	 {Cambridge University Press}
}

@book{Foucault1977,
  title =	 {Discipline and Punish: The Birth of the
                  Prison. 1975},
  author =	 {Foucault, Michel},
  note =	 {Trans. Alan Sheridan},
  address =	 {New York},
  publisher =	 {Vintage Books},
  year =	 1977
}

@article{Francisco1995,
  title =	 {The Relationship between Coercion and Protest An
                  Empirical Evaluation in Three Coercive States},
  author =	 {Francisco, Ronald A},
  journal =	 {Journal of Conflict Resolution},
  volume =	 39,
  number =	 2,
  pages =	 {263--282},
  year =	 1995,
  publisher =	 {Sage Publications}
}

@article{Francisco1996,
  title =	 {Coercion and protest: An empirical test in two
                  democratic states},
  author =	 {Francisco, Ronald A},
  journal =	 {American Journal of Political Science},
  pages =	 {1179--1204},
  year =	 1996,
  publisher =	 {JSTOR}
}

@ARTICLE{Franklin2008,
  author =	 {Franklin, James C.},
  title =	 {Shame on You: The Impact of Human Rights Criticism
                  on Political Repression in Latin America},
  journal =	 {International Studies Quarterly},
  year =	 2008,
  volume =	 52,
  pages =	 {187--211},
  number =	 1,
  publisher =	 {Blackwell Synergy}
}

@article{Freedman1983,
  title =	 {A note on screening regression equations},
  author =	 {Freedman, David A},
  journal =	 {The American Statistician},
  volume =	 37,
  number =	 2,
  pages =	 {152--155},
  year =	 1983,
  publisher =	 {Taylor \& Francis Group}
}

@article{Frieden1994,
  title =	 {International Investment and Colonial Control: A New
                  Interpretation},
  author =	 {Frieden, Jeffrey A.},
  journal =	 {International Organization},
  volume =	 48,
  number =	 4,
  pages =	 {559--593},
  year =	 1994,
  publisher =	 {Cambridge Univ Press}
}

@book{Gaddis1997,
  title =	 {We Now Know: Rethinking Cold War History},
  author =	 {Gaddis, John Lewis},
  year =	 1997,
  publisher =	 {Oxford University Press}
}

@article{Geisser1975,
  title =	 {The Predictive Sample Reuse Method with
                  Applications},
  author =	 {Geisser, Seymour},
  journal =	 {Journal of the American Statistical Association},
  volume =	 70,
  number =	 350,
  pages =	 {320--328},
  year =	 1975,
  publisher =	 {Taylor \& Francis Group}
}

@article{GelmanRubin1992,
  title =	 {Inference from Iterative Simulation Using Multiple
                  Sequences},
  author =	 {Gelman, Andrew and Rubin, Donald B.},
  journal =	 {Statistical Science},
  volume =	 7,
  number =	 4,
  pages =	 {457--472},
  year =	 1992,
  publisher =	 {Institute of Mathematical Statistics}
}

@misc{GibneyCornettWood2009,
  title =	 {Politial Terror Scale 1976-2006},
  author =	 {Gibney, M. and Cornett, L. and Wood, R.},
  year =	 2009,
  url =		 {http://www.politicalterrorscale.org}
}

@article{Gill1999,
  title =	 {The Insignificance of Null Hypothesis Significance
                  Testing},
  author =	 {Gill, Jeff},
  journal =	 {Political Research Quarterly},
  volume =	 52,
  number =	 3,
  pages =	 {647--674},
  year =	 1999,
  publisher =	 {Sage Publications}
}

@article{Gilligan2006,
  title =	 {Is Enforcement Necessary for Effectiveness? A Model
                  of the International Criminal Regime},
  author =	 {Gilligan, Michael J.},
  journal =	 {International Organization},
  volume =	 60,
  number =	 04,
  pages =	 {935--967},
  year =	 2006,
  publisher =	 {Cambridge Univ Press}
}

@article{GleditschWard1997,
  title =	 {Double Take: A Reexamination of Democracy and
                  Autocracy in Modern Polities},
  author =	 {Gleditsch, Kristian Skrede and Ward, Michael D.},
  journal =	 {Journal of Conflict Resolution},
  volume =	 41,
  number =	 3,
  pages =	 {361--383},
  year =	 1997,
  publisher =	 {Sage Publications}
}

@book{GoldsmithPosner2005,
  title =	 {The Limits of International Law},
  author =	 {Goldsmith, Jack L. and Posner, Eric A.},
  year =	 2005,
  publisher =	 {Oxford University Press, USA}
}

@ARTICLE{GoodliffeHawkins2006,
  author =	 {Goodliffe, Jay and Hawkins, Darren G.},
  title =	 {Explaining Commitment: States and the Convention
                  against Torture},
  journal =	 {Journal of Politics},
  year =	 2006,
  volume =	 68,
  pages =	 {358--371},
  number =	 2
}

@article{Green1932,
  title =	 {The Right of Privacy},
  author =	 {Green, Leon},
  journal =	 {Illinois Law Review},
  volume =	 27,
  pages =	 237,
  year =	 1932,
  publisher =	 {HeinOnline}
}

@book{Green1986,
  title =	 {Lectures on the Principles of Political Obligation,
                  and Other Writings},
  author =	 {Green, T.H.},
  editor =	 {Harris, Paul and Morrow, John},
  year =	 1986,
  publisher =	 {Cambridge University Press}
}

@BOOK{Gurr1970,
  title =	 {Why Men Rebel},
  publisher =	 {Princeton University Press},
  year =	 1970,
  author =	 {Ted Robert Gurr},
  address =	 {Princeton}
}

@ARTICLE{Gurr1974,
  author =	 {Gurr, Ted Robert},
  title =	 {Persistence and Change in Political Systems,
                  1800-1971},
  journal =	 {American Political Science Review},
  year =	 1974,
  volume =	 68,
  pages =	 {1482--1504},
  number =	 4,
  month =	 {dec},
  publisher =	 {American Political Science Association}
}

@INCOLLECTION{Gurr1986,
  author =	 {Ted Robert Gurr},
  title =	 {The Political Origins of State Violence and Terror:
                  A Theoretical Analysis},
  booktitle =	 {Government Violence and Repression: An Agenda for
                  Research},
  publisher =	 {Greenwood Press},
  year =	 1986,
  editor =	 {Michael Stohl and George Lopez},
  address =	 {New York}
}

@ARTICLE{Gurr1988,
  author =	 {Gurr, Ted Robert},
  title =	 {War, Revolution, and the Growth of the Coercive
                  State},
  journal =	 {Comparative Political Studies},
  year =	 1988,
  volume =	 21,
  pages =	 {45--65},
  number =	 1
}

@book{Guzman2008,
  title =	 {How International Law Works: a Rational Choice
                  Theory},
  author =	 {Guzman, Andrew T.},
  year =	 2008,
  publisher =	 {Oxford University Press, USA}
}

@article{Habyarimanaetal2007,
  title =	 {Why Does Ethnic Diversity Undermine Public Goods
                  Provision?},
  author =	 {Habyarimana, James, and Humphreys, M. and Posner,
                  D.N. and Weinstein, J.M.},
  journal =	 {American Political Science Review},
  volume =	 101,
  number =	 04,
  pages =	 {709--725},
  year =	 2007,
  publisher =	 {Cambridge Univ Press}
}

@article{HafnerBurton2005io,
  title =	 {Trading Human Rights: How Preferential Trade
                  Agreements Influence Government Repression},
  author =	 {Hafner-Burton, Emilie M.},
  journal =	 {International Organization},
  volume =	 59,
  number =	 3,
  pages =	 {593--629},
  year =	 2005,
  publisher =	 {Cambridge Univ Press}
}

@article{HafnerBurton2005jpr,
  title =	 {Right or Robust? The Sensitive Nature of Repression
                  to Globalization},
  author =	 {Hafner-Burton, Emilie M},
  journal =	 {Journal of Peace Research},
  volume =	 42,
  number =	 6,
  pages =	 {679--698},
  year =	 2005,
  publisher =	 {Sage Publications}
}

@article{HafnerBurton2008,
  title =	 {Sticks and Stones: Naming and Shaming the Human
                  Rights Enforcement Problem},
  author =	 {Hafner-Burton, Emilie M.},
  journal =	 {International Organization},
  pages =	 {689--716},
  year =	 2008,
  publisher =	 {JSTOR}
}

@article{HafnerBurtonRon2009,
  title =	 {Seeing Double},
  author =	 {Hafner-Burton, Emilie M. and Ron, James},
  journal =	 {World Politics},
  volume =	 61,
  number =	 2,
  pages =	 {360--401},
  year =	 2009,
  publisher =	 {Cambridge Univ Press}
}

@ARTICLE{HafnerBurtonTsutsui2005,
  author =	 {Hafner-Burton, Emilie M. and Tsutsui, Kiyoteru},
  title =	 {Human Rights in a Globalizing World: The Paradox of
                  Empty Promises},
  journal =	 {American Journal of Sociology},
  year =	 2005,
  volume =	 110,
  pages =	 {1373--1411},
  number =	 5,
  publisher =	 {U Chicago Press}
}

@article{HafnerBurtonTsutsui2007,
  title =	 {Justice Lost! The Failure of International Human
                  Rights Law to Matter Where Needed Most},
  author =	 {Hafner-Burton, Emilie M. and Tsutsui, Kiyoteru},
  journal =	 {Journal of Peace Research},
  volume =	 44,
  number =	 4,
  pages =	 {407-425},
  year =	 2007,
  publisher =	 {PRIO}
}

@article{HafnerBurtonetal2011,
  title =	 {Emergency and Escape: Explaining Derogations from
                  Human Rights Treaties},
  author =	 {Hafner-Burton, Emilie M. and Helfer, Laurence R. and
                  Fariss, Christopher J.},
  journal =	 {International Organization},
  volume =	 65,
  number =	 04,
  pages =	 {673--707},
  year =	 2011,
  publisher =	 {Cambridge University Press}
}

@article{HaggardMaxfield1996,
  title =	 {The Political Economy of Financial
                  Internationalization in the Developing World},
  author =	 {Haggard, Stephan and Maxfield, Sylvia},
  journal =	 {International Organization},
  volume =	 50,
  number =	 01,
  pages =	 {35--68},
  year =	 1996,
  publisher =	 {Cambridge Univ Press}
}

@incollection{Hardin1989,
  title =	 {Why a constitution?},
  author =	 {Hardin, Russel},
  booktitle =	 {The Federalist Papers and the New Institutionalism},
  pages =	 {100--120},
  editor =	 {Grofman, Bernard and Donald Wittman},
  year =	 1989,
  publisher =	 {New York: Agathon Press}
}

@article{Harff2003,
  title =	 {No Lessons Learned from the Holocaust? Assessing
                  Risks of Genocide and Political Mass Murder Since
                  1955},
  author =	 {Harff, B.},
  journal =	 {American Political Science Review},
  volume =	 97,
  number =	 01,
  pages =	 {57--73},
  year =	 2003,
  publisher =	 {Cambridge Univ Press}
}

@article{HarffGurr1988,
  title =	 {Toward Empirical Theory of Genocides and
                  Politicides: Identification and Measurement of Cases
                  since 1945.},
  author =	 {Harff, Barbara and Gurr, Ted Robert},
  journal =	 {International Studies Quarterly},
  volume =	 32,
  number =	 3,
  pages =	 {359--71},
  year =	 1988,
  publisher =	 {ERIC}
}

@article{Hart1955,
  title =	 {Are There Any Natural Rights?},
  author =	 {Hart, H.L.A.},
  journal =	 {The Philosophical Review},
  volume =	 64,
  number =	 2,
  pages =	 {175--191},
  year =	 1955,
  publisher =	 {JSTOR}
}

@UNPUBLISHED{Haschke2011,
  author =	 {Haschke, Peter},
  title =	 {Repression or Not: Physical Integrity Rights
                  Violations in Contemporary Democracies},
  note =	 {Paper Presented at the Annual Meeting of the Midwest
                  Political Science Association},
  year =	 2011
}

@book{HastieTibshiraniFriedman2008,
  title =	 {Elements of Statistical Learning},
  author =	 {Hastie, Trevor and Robert J. Tibshirani and Jerome
                  Friedman},
  year =	 2008,
  publisher =	 {Springer-Verlag},
  address =	 {New York}
}

@ARTICLE{Hathaway2002,
  author =	 {Oona A. Hathaway},
  title =	 {Do Human Rights Treaties Make a Difference?},
  journal =	 {Yale Law Journal},
  year =	 2002,
  volume =	 111,
  pages =	 {1935-2042}
}

@ARTICLE{Hathaway2003,
  author =	 {Oona A. Hathaway},
  title =	 {The Cost of Commitment},
  journal =	 {Stanford Law Review},
  year =	 2003,
  volume =	 55,
  pages =	 {1821-1862},
  issue =	 5
}

@INCOLLECTION{Hathaway2004,
  author =	 {Oona A. Hathaway},
  title =	 {The Promise and Limits of the International Law of
                  Torture},
  booktitle =	 {Torture},
  publisher =	 {Oxford University Press},
  year =	 2004,
  editor =	 {Sanford Levinson},
  pages =	 {199-212},
  address =	 {New York}
}

@article{Hathaway2005,
  title =	 {Between Power and Principle: An Integrated Theory of
                  International Law},
  author =	 {Oona A. Hathaway},
  journal =	 {University of Chicago Law Review},
  volume =	 71,
  pages =	 {469-533},
  year =	 2005
}

@ARTICLE{Hathaway2007,
  author =	 {Hathaway, Oona A.},
  title =	 {Why Do Countries Commit to Human Rights Treaties?},
  journal =	 {Journal of Conflict Resolution},
  year =	 2007,
  volume =	 51,
  pages =	 {588-621},
  number =	 4
}

@article{Hawkins2004,
  title =	 {Explaining Costly International Institutions:
                  Persuasion and Enforceable Human Rights Norms},
  author =	 {Hawkins, Darren},
  journal =	 {International Studies Quarterly},
  volume =	 48,
  number =	 4,
  pages =	 {779--804},
  year =	 2004,
  publisher =	 {Blackwell Synergy}
}

@article{Heckman1979,
  title =	 {Sample Selection Bias as a Specification Error},
  author =	 {Heckman, James J.},
  journal =	 {Econometrica},
  volume =	 47,
  number =	 1,
  pages =	 {153--161},
  year =	 1979
}

@article{HeidelbergerWelch1983,
  title =	 {Simulation Run Length Control in the Presence of an
                  Initial transient},
  author =	 {Heidelberger, P. and Welch, P.D.},
  journal =	 {Operations Research},
  pages =	 {1109--1144},
  year =	 1983,
  publisher =	 {JSTOR}
}

@article{HelferSlaughter1997,
  author =	 {Helfer, Lawrence R. and Slaughter, Anne Marie},
  title =	 {Toward a Theory of Effective Supranational
                  Adjudication},
  journal =	 {Yale Law Journal},
  pages =	 {273--391},
  volume =	 107,
  year =	 1997,
  publisher =	 {HeinOnline}
}

@unpublished{HelferVoeten2011,
  title =	 {Do European Court of Human Rights Judgments Promote
                  Legal and Policy Change?},
  author =	 {Helfer, Lawrence R. and Voeten, Erik},
  year =	 2011,
  note =	 {Available at
                  http://papers.ssrn.com/abstract=1850526}
}

@book{Helmke2005,
  title =	 {Courts under constraints: Judges, generals, and
                  presidents in Argentina},
  author =	 {Helmke, Gretchen},
  year =	 2005,
  publisher =	 {Cambridge University Press}
}

@UNPUBLISHED{HenckenRitter2009,
  author =	 {Emily Hencken Ritter},
  title =	 {Expecting the Worst: A Strategic Model of Repression
                  and Dissent},
  note =	 {working paper, Emory University},
  year =	 2009
}

@ARTICLE{Henderson1991,
  author =	 {Conway Henderson},
  title =	 {Conditions Affecting the Use of Political
                  Repression},
  journal =	 JCR,
  year =	 1991,
  volume =	 35,
  pages =	 {120-142}
}

@ARTICLE{Henderson1993,
  author =	 {Conway Henderson},
  title =	 {Population Pressures and Political Repression},
  journal =	 {Social Science Quarterly},
  year =	 1993,
  volume =	 74,
  number =	 2,
  pages =	 {322--333},
}

@ARTICLE{Henisz2002,
  author =	 {Witold J. Henisz},
  title =	 {The institutional environment for infrastructure
                  investment},
  journal =	 {Industrial and Corporate Change},
  year =	 2002,
  volume =	 11,
  pages =	 {355-389},
  number =	 2
}

@article{Henkin1995,
  title =	 {US Ratification of Human Rights Conventions: The
                  Ghost of Senator Bricker},
  author =	 {Henkin, Louis},
  journal =	 {American Journal of International Law},
  volume =	 89,
  number =	 2,
  pages =	 {341--350},
  year =	 1995,
  publisher =	 {JSTOR}
}

@UNPUBLISHED{HestonSummersAten2011,
  author =	 {Alan Heston and Robert Summers and Bettina Aten},
  title =	 {Penn World Table Version 7.0},
  note =	 {Center for International Comparisons of Production,
                  Income and Prices at the University of Pennsylvania},
  year =	 2011,
  url =		 {http://pwt.econ.upenn.edu/}
}

@article{Hibbs1973,
  title =	 {Problems of statistical estimation and causal
                  inference in time-series regression models},
  author =	 {Hibbs Jr, Douglas A},
  journal =	 {Sociological methodology},
  volume =	 1974,
  pages =	 {252--308},
  year =	 1973,
  publisher =	 {American Sociological Association; John Wiley \&
                  Sons}
}

@article{Hill2010,
  title =	 {Estimating the Effects of Human Rights Treaties on
                  State Behavior},
  author =	 {Hill, Daniel W.},
  journal =	 {The Journal of Politics},
  volume =	 72,
  number =	 4,
  pages =	 {1161--1174},
  year =	 2010,
  publisher =	 {Cambridge Univ Press}
}

@UNPUBLISHED{Hill2011a,
  author =	 {Hill, Daniel W.},
  title =	 {Measuring Legal Protection of Human Rights},
  note =	 {Unpublished Manuscript, Florida State University},
  year =	 2011
}

@UNPUBLISHED{Hill2013,
  author =	 {Hill Jr., Daniel W.},
  title =	 {The Concept of Personal Integrity Rights in
                  Empirical Research},
  note =	 {Working paper, University of Georgia},
  year =	 2013
}

@INCOLLECTION{Hobbes1839,
  author =	 {Hobbes, Thomas},
  title =	 {Leviathan},
  booktitle =	 {The English Works of Thomas Hobbes},
  publisher =	 {J. Bohn},
  year =	 1839,
  editor =	 {Molesworth, William},
  volume =	 3,
  address =	 {London}
}

@article{HoffWard2004,
  title =	 {Modeling dependencies in international relations
                  networks},
  author =	 {Hoff, Peter D. and Ward, Michael D.},
  journal =	 {Political Analysis},
  volume =	 12,
  number =	 2,
  pages =	 {160--175},
  year =	 2004,
  publisher =	 {SPM-PMSAPSA}
}

@article{HollyerRosendorff2011,
  title =	 {Why do authoritarian regimes sign the convention
                  against torture? Signaling, domestic politics and
                  non-compliance},
  author =	 {Hollyer, James and Rosendorff, B. Peter},
  journal =	 {Quarterly Journal of Political Science},
  year =	 2011,
  volume =	 6,
  issue =	 {3-4},
  pages =	 {275-327}
}

@BOOK{HuberShipan2002,
  author =	 {Huber, John D. and Shipan, Charles R.},
  title =	 {Deliberate Discretion: The Institutional Foundations
                  of Bureaucratic Autonomy},
  year =	 2002,
  publisher =	 {Cambridge University Press}
}

@BOOK{Hudock1999,
  title =	 {NGOs and Civil Society: Development by Proxy},
  author =	 {Hudock, Ann C},
  year =	 1999,
  address =	 {Cambridge},
  publisher =	 {Polity Press}
}

@book{Huntington1991,
  title =	 {The third wave: Democratization in the late
                  twentieth century},
  author =	 {Huntington, Samuel P},
  volume =	 4,
  year =	 1991,
  publisher =	 {University of Oklahoma Press}
}

@article{Hurd1999,
  title =	 {Legitimacy and Authority in International Politics},
  author =	 {Hurd, Ian},
  journal =	 {International Organization},
  volume =	 53,
  number =	 2,
  pages =	 {379--408},
  year =	 1999,
  publisher =	 {Cambridge Univ Press}
}

@UNPUBLISHED{Hyde2010,
  title =	 {Catch Us if You Can: Election Monitoring and
                  International Norm Creation},
  author =	 {Hyde, Susan D.},
  year =	 2010,
  note =	 {Working Paper},
  url =		 {http://ssrn.com/abstract=1150262}
}

@MANUAL{ICRGnd,
  title =	 {The International Country Risk Guide, Part II},
  author =	 {{Political Risk Group}},
  address =	 {New York},
  year =	 {nd},
  note =
                  {http://www.columbia.edu/acis/eds/dgate/pdf/C3743.icrgextract\_busguide04.pdf}
}

@ARTICLE{Jackman2001,
  author =	 {Simon Jackman},
  title =	 {Multidimensional Analysis of Roll Call Data via
                  Bayesian Simulation: Identification, Estimation,
                  Inference and Model Checking},
  journal =	 {Political Analysis},
  year =	 2001,
  volume =	 9,
  pages =	 {227-241},
  number =	 3
}

@article{Jenkins1983,
  author =	 {Jenkins, J. Craig},
  title =	 {Resource Mobilization Theory and the Study of Social
                  Movements},
  journal =	 {Annual Review of Sociology},
  pages =	 {527--553},
  volume =	 9,
  number =	 1,
  year =	 1983,
  publisher =	 {Annual Reviews}
}

@article{Jensen2003,
  title =	 {Democratic Governance and Multinational
                  Corporations: Political Regimes and Inflows of
                  Foreign Direct Investment},
  author =	 {Jensen, N.M.},
  journal =	 {International Organization},
  volume =	 57,
  number =	 03,
  pages =	 {587--616},
  year =	 2003,
  publisher =	 {Cambridge Univ Press}
}

@article{JoGartzke2007,
  title =	 {Determinants of Nuclear Weapons Proliferation: A
                  Quantitative Model},
  author =	 {Jo, Dong-Joon and Gartzke, Eric},
  journal =	 {Journal of Conflict Resolution},
  volume =	 51,
  number =	 1,
  pages =	 {167--194},
  year =	 2007
}

@misc{Jones2013polity,
  author =	 {Jones, Zachary M.},
  title =	 {An Analysis of Polity IV and its Components},
  journal =	 {zmjones.com},
  type =	 {Blog},
  number =	 {October 11},
  year =	 2013,
  howpublished = {\url{http://zmjones.com/polity/}}
}

@book{Kalyvas2006,
  title =	 {The logic of violence in civil war},
  author =	 {Kalyvas, Stathis N},
  year =	 2006,
  publisher =	 {Cambridge Univ Press}
}

@article{Katzensteinetal1998,
  title =	 {International Organization and the Study of World
                  Politics},
  author =	 {Katzenstein, Peter J. and Keohane, Robert O. and
                  Krasner, Stephen D.},
  journal =	 {International Organization},
  pages =	 {645--685},
  year =	 1998,
  publisher =	 {JSTOR}
}

@book{KeckSikkink1998,
  title =	 {Activists Beyond Borders: Advocacy Networks in
                  International Politics},
  publisher =	 {Cornell University Press},
  year =	 1998,
  author =	 {Keck, Margaret E. and Sikkink, Kathryn.},
  address =	 {Ithaca}
}

@article{Keith1999,
  title =	 {The United Nations International Covenant on Civil
                  and Political Rights: Does It Make a Difference in
                  Human Rights Behavior?},
  author =	 {Keith, Linda Camp},
  journal =	 {Journal of Peace Research},
  volume =	 36,
  number =	 1,
  pages =	 {95--118},
  year =	 1999,
  publisher =	 {PRIO}
}

@article{Keith2002PRQ,
  author =	 {Linda Camp Keith},
  title =	 {Constitutional Provisions for Individual Human
                  Rights: Are They More Than Mere Window Dressing},
  journal =	 {Political Research Quarterly},
  year =	 2002,
  volume =	 55,
  pages =	 {111-143}
}

@article{KeithTatePoe2009,
  title =	 {Is the Law a Mere Parchment Barrier to Human Rights
                  Abuse?},
  author =	 {Keith, Linda Camp and Tate, C. Neal and Poe, Steve
                  C.},
  journal =	 {Journal of Politics},
  volume =	 71,
  number =	 2,
  pages =	 {644--660},
  year =	 2009,
  publisher =	 {Cambridge Univ Press}
}

@article{Kelley2007,
  title =	 {Who Keeps International Commitments and Why? The
                  International Criminal Court and Bilateral
                  Nonsurrender Agreements},
  author =	 {Kelley, Judith},
  journal =	 {American Political Science Review},
  volume =	 101,
  number =	 03,
  pages =	 {573--589},
  year =	 2007,
  publisher =	 {Cambridge Univ Press}
}

@article{Kelley2009,
  title =	 {D-Minus Elections: The Politics and Norms of
                  International Election Observation},
  author =	 {Kelley, J.},
  journal =	 {International Organization},
  volume =	 63,
  number =	 04,
  pages =	 {765--787},
  year =	 2009,
  publisher =	 {Cambridge Univ Press}
}

@BOOK{Keohane1984,
  title =	 {After hegemony: cooperation and discord in the world
                  political economy},
  publisher =	 {Princeton University Press},
  year =	 1984,
  author =	 {Keohane, Robert O.},
  address =	 {Princeton}
}

@article{Keohaneetal2000,
  title =	 {Legalized Dispute Resolution: Interstate and
                  Transnational},
  author =	 {Keohane, Robert O. and Moravcsik, Andrew and
                  Slaughter, Anne Marie},
  journal =	 {International Organization},
  volume =	 54,
  number =	 3,
  pages =	 {457--488},
  year =	 2000,
  publisher =	 {Cambridge Univ Press}
}

@book{Killander2010,
  title =	 {International Law and Domestic Rights Litigation in
                  Africa},
  editor =	 {Killander, Magnus},
  year =	 2010,
  address =	 {South Africa},
  publisher =	 {Pretoria University Law Press}
}

@article{KimSikkink2010,
  title =	 {Explaining the Deterrence Effect of Human Rights
                  Prosecutions for Transitional Countries},
  author =	 {Kim, Hunjoon and Sikkink, Kathryn},
  journal =	 {International Studies Quarterly},
  volume =	 54,
  number =	 4,
  pages =	 {939--963},
  year =	 2010,
  publisher =	 {Wiley Online Library}
}

@article{Koremenos2001,
  title =	 {Loosening the Ties that Bind: A Learning Model of
                  Agreement Flexibility},
  author =	 {Koremenos, Barbara},
  journal =	 {International Organization},
  volume =	 55,
  number =	 2,
  pages =	 {289--325},
  year =	 2001,
  publisher =	 {Cambridge Univ Press}
}

@article{Koremenos2005,
  title =	 {Contracting Around International Uncertainty},
  author =	 {Koremenos, Barbara},
  journal =	 {American Political Science Review},
  volume =	 99,
  number =	 04,
  pages =	 {549--565},
  year =	 2005,
  publisher =	 {Cambridge Univ Press}
}

@UNPUBLISHED{KoremenosHong2010,
  author =	 {Koremenos, Barabara and Hong, Mi Hwa},
  title =	 {The Rational Design of Human Rights Agreements},
  note =	 {Paper Presented at the Annual Meeting of the
                  American Political Science Association},
  year =	 2010
}

@book{Kornbluh1998,
  title =	 {Bay of Pigs Declassified: the Secret CIA Report on
                  the Invasion of Cuba},
  author =	 {Kornbluh, Peter},
  year =	 1998,
  publisher =	 {New Press, New York}
}

@article{Krain2005,
  title =	 {International intervention and the severity of
                  genocides and politicides},
  author =	 {Krain, Matthew},
  journal =	 {International Studies Quarterly},
  volume =	 49,
  number =	 3,
  pages =	 {363--388},
  year =	 2005,
  publisher =	 {John Wiley \& Sons}
}

@article{Kuperman2008,
  title =	 {The Moral Hazard of Humanitarian intervention:
                  lessons from the balkans},
  author =	 {Kuperman, Alan J.},
  journal =	 {International Studies Quarterly},
  volume =	 52,
  number =	 1,
  pages =	 {49--80},
  year =	 2008,
  publisher =	 {John Wiley \& Sons}
}

@article{Kuran1991,
  title =	 {Now Out of Never: The Element of Surprise in the
                  East European Revolution of 1989},
  author =	 {Kuran, Timur},
  journal =	 {World Politics},
  volume =	 44,
  number =	 1,
  pages =	 {7--48},
  year =	 1991,
  publisher =	 {JSTOR}
}

@book{Lafeber2002,
  title =	 {America, Russia, and the Cold War, 1945-2002},
  author =	 {LaFeber, W.},
  year =	 2002,
  publisher =	 {McGraw-Hill Humanities/Social Sciences/Languages}
}

@article{Lake1996,
  title =	 {Anarchy, Hierarchy, and the Variety of International
                  Relations},
  author =	 {Lake, David A.},
  journal =	 {International Organization},
  volume =	 50,
  number =	 1,
  pages =	 {1--33},
  year =	 1996,
  publisher =	 {Cambridge Univ Press}
}

@book{Lake2009,
  title =	 {Hierarchy in International Relations},
  author =	 {Lake, David A.},
  year =	 2009,
  publisher =	 {Cornell University Press},
  address =	 {Ithaca, NY}
}

@article{Lake2010,
  title =	 {Rightful Rules: Authority, Order, and the
                  Foundations of Global Governance},
  author =	 {Lake, David A.},
  journal =	 {International Studies Quarterly},
  volume =	 54,
  number =	 3,
  pages =	 {587--613},
  issn =	 {1468-2478},
  year =	 2010,
  publisher =	 {Wiley Online Library}
}

@BOOK{Landman2005,
  title =	 {Protecting Human Rights: A Comparative Study},
  publisher =	 {Georgetown University Press},
  year =	 2005,
  author =	 {Landman, Todd},
  address =	 {Washington, DC}
}

@article{LawVersteeg2011,
  title =	 {The Evolution and Ideology of Global
                  Constitutionalism},
  author =	 {Law, David S. and Versteeg, Mila},
  journal =	 {California Law Review},
  year =	 {Forthcoming}
}

@article{LeamerLeonard1983,
  title =	 {Reporting the Fragility of Regression Estimates},
  author =	 {Leamer, Edward and Leonard, Herman},
  journal =	 {The Review of Economics and Statistics},
  volume =	 65,
  number =	 2,
  pages =	 {306--317},
  year =	 1983,
  publisher =	 {JSTOR}
}

@article{LebovicVoeten2006,
  title =	 {The Politics of Shame: The Condemnation of Country
                  Human Rights Practices in the UNCHR},
  author =	 {James H. Lebovic and Eric Voeten},
  journal =	 {International Studies Quarterly},
  volume =	 50,
  number =	 4,
  pages =	 {861--888},
  year =	 2006,
  publisher =	 {Blackwell Synergy}
}

@article{LebovicVoeten2009,
  title =	 {The Cost of Shame: International Organizations and
                  Foreign Aid in the Punishing of Human Rights
                  Violators},
  author =	 {James H. Lebovic and Eric Voeten},
  journal =	 {Journal of Peace Research},
  volume =	 46,
  number =	 1,
  pages =	 {79--97},
  year =	 2009
}

@UNPUBLISHED{LeeAhlquist2011,
  author =	 {Lee, John N. and Ahlquist, John S.},
  title =	 {Justify My Love: A Re-Introduction to Out-of-Sample
                  Prediction, Cross-Validation, and Model Selection
                  for Applied Research},
  note =	 {Paper Presented at the Annual Meeting of the
                  Southern Political Science Association},
  year =	 2011
}

@article{Levite2003,
  title =	 {Never Say Never Again: Nuclear Reversal Revisited},
  author =	 {Levite, Ariel E.},
  journal =	 {International Security},
  volume =	 27,
  number =	 3,
  pages =	 {59--88},
  year =	 2003,
  publisher =	 {MIT Press}
}

@ARTICLE{Lichbach1987,
  author =	 {Mark Lichbach},
  title =	 {Deterrence or Escalation? The Puzzle of Aggregate
                  Studies of Repression and Dissent},
  journal =	 {Journal of Conflict Resolution},
  year =	 1987,
  volume =	 31,
  pages =	 {266-297}
}

@BOOK{Lichbach1995,
  title =	 {The Rebel's Dilemma},
  publisher =	 {University of Michigan Press},
  year =	 1995,
  author =	 {Mark Lichbach},
  address =	 {Ann Arbor}
}

@book{Lijnzaad1995,
  title =	 {Reservations to UN-Human Rights Treaties: Ratify and
                  Ruin?},
  author =	 {Lijnzaad, Liesbeth},
  year =	 1995,
  publisher =	 {Martinus Nijhoff}
}

@UNPUBLISHED{LinzerStaton2011,
  author =	 {Linzer, Drew and Staton, Jeffrey K.},
  title =	 {A Measurement Model for Synthesizing Multiple
                  Comparative Indicators: The Case of Judicial
                  Independence},
  note =	 {Paper Presented at the Annual Meeting of the
                  American Political Science Association},
  year =	 2011
}

@ARTICLE{Lohmann1994,
  author =	 {Lohmann, Susanne},
  title =	 {The Dynamics of Informational Cascades: The Monday
                  Demonstrations in Leipzig, East Germany, 1989-91},
  journal =	 {World Politics},
  year =	 1994,
  volume =	 47,
  pages =	 {42--101},
  number =	 1,
  publisher =	 {JSTOR}
}

@book{Lord1968,
  title =	 {Statistical Theories of Mental Test Scores},
  author =	 {Lord, Frederic M. and Novick, Melvin R. and
                  Birnbaum, Allan},
  year =	 1968,
  publisher =	 {Addison-Wesley},
  address =	 {Reading, MA}
}

@unpublished{Lupu2011,
  title =	 {Best Evidence: The Role of Information in Domestic
                  Judicial Enforcement of International Human Rights
                  Agreements},
  author =	 {Lupu, Yonaton},
  note =	 {Unpublished Manuscript, University of California,
                  San Diego},
  url =		 {http://ssrn.com/abstract=1876728},
  year =	 2011
}

@article{Lupu2013,
  title =	 {Best Evidence: The Role of Information in Domestic
                  Judicial Enforcement of International Human Rights
                  Agreements},
  author =	 {Lupu, Yonatan},
  journal =	 {International Organization},
  volume =	 67,
  number =	 3,
  year =	 2013
}

@article{LutzSikkink2000,
  title =	 {International Human Rights Law and Practice in Latin
                  America},
  author =	 {Lutz, Ellen L. and Sikkink, Kathryn},
  journal =	 {International Organization},
  volume =	 54,
  number =	 03,
  pages =	 {633--659},
  year =	 2000,
  publisher =	 {Cambridge Univ Press}
}

@article{MarshallHarffGurr2009,
  title =	 {Political Instability Task Force State Failure
                  Problem Set: Internal Wars and Failures of
                  Governance, 1955--2009},
  author =	 {Marshall, Monty G and Gurr, Ted Robert and Harff,
                  Barbara},
  journal =	 {Dataset and Coding Guidelines},
  year =	 2009
}

@MANUAL{MarshallJaggers2009,
  title =	 {Polity IV Project: Political Regime Characteristics
                  and Transitions, 1800-2007. Data Users' Manual},
  year =	 2009,
  author =	 {Monty Marshall and Keith Jaggers},
  organization = {Center for Systemic Peace},
  note =	 {Available online at:
                  \url{http://www.systemicpeace.org/inscr/p4manualv2007.pdf}}
}

@article{MartinQuinn2002,
  title =	 {Dynamic ideal point estimation via Markov chain
                  Monte Carlo for the US Supreme Court, 1953--1999},
  author =	 {Martin, Andrew D. and Quinn, Kevin M.},
  journal =	 {Political Analysis},
  volume =	 10,
  number =	 2,
  pages =	 134,
  year =	 2002,
  publisher =	 {SPM-PMSAPSA}
}

@ARTICLE{MartinSimmons1998,
  author =	 {Martin, Lisa L. and Simmons, Beth A.},
  title =	 {Theories and Empirical Studies of International
                  Institutions},
  journal =	 {International Organization},
  year =	 1998,
  volume =	 52,
  pages =	 {729--757},
  number =	 4,
  publisher =	 {Cambridge University Press}
}

@misc{Martinetal2005,
  title =	 {MCMCpack: Markov chain Monte Carlo (MCMC) Package},
  author =	 {Martin, Andrew D. and Quinn, Kevin M. and Park, Jong
                  Hee},
  year =	 2005
}

@article{McCormickMitchell1988,
  title =	 {Economic and Political Explanations of Human Rights
                  Violations},
  author =	 {Mitchell, Neil J. and McCormick, James M.},
  journal =	 {World Politics},
  volume =	 40,
  number =	 4,
  pages =	 {476--498},
  year =	 1988,
  publisher =	 {JSTOR}
}

@ARTICLE{McCormickMitchell1997,
  author =	 {James M. McCormick and Neil J. Mitchell},
  title =	 {Human Rights Violations, Umbrella Concepts and
                  Empirical Analysis},
  journal =	 WP,
  year =	 1997,
  volume =	 49,
  pages =	 {510-525}
}

@article{Meyer1996,
  title =	 {Human rights and MNCs: Theory versus quantitative
                  analysis},
  author =	 {Meyer, William H},
  journal =	 {Human Rights Quarterly},
  volume =	 18,
  number =	 2,
  pages =	 {368--397},
  year =	 1996,
  publisher =	 {The Johns Hopkins University Press}
}

@article{Mietheetal2005,
  title =	 {Cross-National Variability in Capital Punishment
                  Exploring the Sociopolitical Sources of Its
                  Differential Legal Status},
  author =	 {Miethe, Terance D. and Lu, Hong and Deibert, Gini
                  R.},
  journal =	 {International Criminal Justice Review},
  volume =	 15,
  number =	 2,
  pages =	 {115--130},
  year =	 2005,
  publisher =	 {Sage Publications}
}

@ARTICLE{MilgromNorthWeingast1990,
  author =	 {Milgrom, Paul and North, Douglass C. and Weingast,
                  Barry},
  title =	 {The Role of Institutions in the Revival of Trade:
                  The Medieval Law Merchant, Private Judges, and the
                  Champagne Fairs},
  journal =	 {Economics and Politics},
  year =	 1990,
  volume =	 2,
  pages =	 {1--23},
  number =	 1
}

@INCOLLECTION{Mill1989,
  author =	 {Mill, John Stuart},
  title =	 {On Liberty},
  booktitle =	 {On Liberty and other writings},
  publisher =	 {Cambridge University Press},
  year =	 1989,
  editor =	 {Stefan Collini},
}

@article{Milner1991,
  title =	 {The Assumption of Anarchy in International
                  Relations: A Critique},
  author =	 {Milner, Helen V.},
  journal =	 {Review of International Studies},
  volume =	 17,
  number =	 1,
  pages =	 {67--85},
  year =	 1991
}

@ARTICLE{Milner2005,
  author =	 {Milner, Helen V.},
  title =	 {Rationalizing Politics: The Emerging Synthesis of
                  International, American, and Comparative Politics},
  journal =	 {International Organization},
  year =	 2005,
  volume =	 52,
  pages =	 {759--786},
  number =	 4,
  publisher =	 {Cambridge University Press}
}

@article{Mitchell1994,
  title =	 {Regime Design Matters: Intentional Oil Pollution and
                  Treaty Compliance},
  author =	 {Mitchell, Ronald B.},
  journal =	 {International Organization},
  volume =	 48,
  number =	 03,
  pages =	 {425--458},
  year =	 1994,
  publisher =	 {Cambridge Univ Press}
}

@article{Mitchell2013,
  title =	 {Domestic Legal Traditions and States' Human Rights
                  Practices},
  author =	 {Mitchell, Sara McLaughlin and Ring, Jonathan J. and
                  Spellman, Mary K.},
  journal =	 {Journal of Peace Research},
  volume =	 50,
  number =	 2,
  pages =	 {189--202},
  year =	 2013,
  publisher =	 {SAGE Publications}
}

@article{MitchellMcCormick1988,
  title =	 {Economic and Political Explanations of Human Rights
                  Violations},
  author =	 {Mitchell, Neil J. and McCormick, James M.},
  journal =	 {World Politics},
  volume =	 40,
  number =	 4,
  pages =	 {476--98},
  year =	 1988,
  publisher =	 {Cambridge Univ Press}
}

@article{MitchellPowell2009,
  title =	 {Legal Systems and Variance in the Design of
                  Commitments to the International Court of Justice},
  author =	 {Mitchell, Sarah McLaughlin and Powell, Emilia
                  Justyna},
  journal =	 {Conflict Management and Peace Science},
  volume =	 26,
  number =	 2,
  pages =	 {164--190},
  year =	 2009,
  publisher =	 {SAGE Publications}
}

@ARTICLE{Moore1995,
  author =	 {Moore, Will H.},
  title =	 {Rational Rebels: Overcoming the Free-Rider Problem},
  journal =	 {Political Research Quarterly},
  year =	 1995,
  volume =	 48,
  pages =	 {417-454},
  number =	 2,
  publisher =	 {SAGE PUBLICATIONS LTD}
}

@article{Moore1995jcr,
  title =	 {Action-Reaction or Rational Expectations?
                  Reciprocity and the Domestic-International Conflict
                  Nexus during the “Rhodesia Problem”},
  author =	 {Moore, Will H},
  journal =	 {Journal of Conflict Resolution},
  volume =	 39,
  number =	 1,
  pages =	 {129--167},
  year =	 1995,
  publisher =	 {Sage Publications}
}

@ARTICLE{Moore1998,
  author =	 {Will H. Moore},
  title =	 {Repression and Dissent: Substitution, Context and
                  Timing},
  journal =	 AJPS,
  year =	 1998,
  volume =	 45,
  pages =	 {851-873},
  number =	 3
}

@ARTICLE{Moore2000,
  author =	 {Will H. Moore},
  title =	 {The Repression of Dissent: A Substitution Model of
                  Government Coercion},
  journal =	 JCR,
  year =	 2000,
  volume =	 44,
  pages =	 {107-127},
  number =	 1
}

@ARTICLE{Moore2010,
  title =	 {Incarceration, Interrogation, and Counterterror: Do
                  (Liberal) Democratic Institutions Constrain
                  Leviathan?},
  author =	 {Moore, Will H.},
  journal =	 {PS: Political Science and Politics},
  year =	 2010,
  volume =	 43,
  pages =	 {421-424},
  number =	 3,
  organization = {Cambridge Univ Press}
}

@article{Moravcsik2000,
  title =	 {The Origins of Human Rights Regimes: Democratic
                  Delegation in Postwar Europe},
  author =	 {Moravcsik, Andrew},
  journal =	 {International Organization},
  volume =	 54,
  number =	 2,
  pages =	 {217--252},
  year =	 2000,
  publisher =	 {Cambridge Univ Press}
}

@ARTICLE{Morrow2007,
  author =	 {Morrow, James D.},
  title =	 {When Do States Follow the Laws of War?},
  journal =	 {American Political Science Review},
  year =	 2007,
  volume =	 101,
  pages =	 {559--572},
  number =	 3,
  publisher =	 {Cambridge University Press}
}

@article{Muller1985,
  title =	 {Income Inequality, Regime Repressiveness, and
                  Political Violence},
  author =	 {Muller, Edward N.},
  journal =	 {American Sociological Review},
  pages =	 {47--61},
  year =	 1985,
  publisher =	 {JSTOR}
}

@article{MunckVerkuilen2002,
  title =	 {Conceptualizing and Measuring Democracy: Evaluating
                  Alternative Indices},
  author =	 {Munck, Gerardo L and Verkuilen, Jay},
  journal =	 {Comparative Political Studies},
  volume =	 35,
  number =	 1,
  pages =	 {5--34},
  year =	 2002,
  publisher =	 {Sage Publications}
}

@PHDTHESIS{Murdie2009diss,
  author =	 {Murdie, Amanda},
  title =	 {Signals Across Borders: The Conditional Impact of
                  INGOs},
  year =	 2009,
  school =	 {Emory University},
  url =		 {http://pid.emory.edu/ark:/25593/1dpxn}
}

@article{MurdieDavis2012,
  title =	 {Shaming and Blaming: Using Events Data to Assess the
                  Impact of Human Rights INGOs},
  author =	 {Murdie, Amanda M. and Davis, David R.},
  journal =	 {International Studies Quarterly},
  volume =	 56,
  number =	 1,
  pages =	 {1--16},
  year =	 2012,
  publisher =	 {Wiley Online Library}
}

@book{Mutimer2000,
  title =	 {{The weapons state: proliferation and the framing of
                  security}},
  author =	 {Mutimer, David},
  year =	 2000,
  publisher =	 {Lynne Rienner},
  address =	 {Boulder, CO}
}

@ARTICLE{Neumayer2005,
  author =	 {Neumayer, Eric},
  title =	 {Do International Human Rights Treaties Improve
                  Respect for Human Rights?},
  journal =	 {Journal of Conflict Resolution},
  year =	 2005,
  volume =	 49,
  pages =	 {925--953},
  number =	 6,
  publisher =	 {Peace Science Soc}
}

@article{Neumayer2007,
  author =	 {Neumayer, Eric},
  title =	 {Qualified Ratification: Explaining Reservations to
                  International Human Rights Treaties},
  journal =	 {Journal of Legal Studies},
  year =	 2007,
  volume =	 36,
  pages =	 {397--429},
  number =	 2
}

@article{NordasDavenport2013,
  title =	 {Fight the Youth: Youth Bulges and State Repression},
  author =	 {Nord{\aa}s, Ragnhild and Davenport, Christian},
  journal =	 {American Journal of Political Science},
  year =	 2013,
  publisher =	 {Wiley Online Library}
}

@article{NorthWeingast1989,
  title =	 {Constitutions and Commitment: the Evolution of
                  Institutions Governing Public Choice in
                  Seventeenth-Century England},
  author =	 {North, Douglass C. and Weingast, Barry R.},
  journal =	 {The Journal of Economic History},
  volume =	 49,
  number =	 04,
  pages =	 {803--832},
  year =	 1989,
  publisher =	 {Cambridge University Press}
}

@BOOK{Olson1971,
  title =	 {The Logic of Collective Action},
  publisher =	 {Harvard University Press},
  year =	 1971,
  author =	 {Mancur Olson},
  address =	 {Cambridge}
}

@article{Ordeshook1992,
  title =	 {Constitutional Stability},
  author =	 {Ordeshook, Peter C.},
  journal =	 {Constitutional political economy},
  volume =	 3,
  number =	 2,
  pages =	 {137--175},
  year =	 1992,
  publisher =	 {Springer}
}

@article{Ostrom1999,
  title =	 {Coping With Tragedies of the Commons},
  author =	 {Ostrom, E.},
  journal =	 {Annual Review of Political Science},
  volume =	 2,
  number =	 1,
  pages =	 {493--535},
  year =	 1999,
  publisher =	 {Annual Reviews}
}

@article{Park1987,
  title =	 {Correlates of Human Rights: Global Tendencies},
  author =	 {Park, Han S.},
  journal =	 {Human Rights Quarterly},
  volume =	 9,
  number =	 3,
  pages =	 {405--413},
  year =	 1987,
  publisher =	 {JSTOR}
}

@book{Paulsen1899,
  title =	 {A System of Ethics},
  author =	 {Paulsen, Friedrich},
  year =	 1899,
  note =	 {Trans. Frank Thilly},
  publisher =	 {Charles Scribner's Sons},
  address =	 {New York}
}

@article{PicardCook1984,
  title =	 {Cross-Validation of Regression Models},
  author =	 {Picard, Richard R. and R. Dennis Cook},
  journal =	 {Journal of The American Statistical Association},
  volume =	 79,
  number =	 387,
  pages =	 {575--583},
  year =	 1984,
  publisher =	 {American Statistical Association}
}

@article{Pierskalla2010,
  title =	 {Protest, Deterrence, and Escalation: The Strategic
                  Calculus of Government Repression},
  author =	 {Pierskalla, Jan Henryk},
  journal =	 {Journal of Conflict Resolution},
  volume =	 54,
  number =	 1,
  pages =	 {117--145},
  year =	 2010,
  publisher =	 {SAGE Publications}
}

@article{Poe2001,
  title =	 {How Are These Pictures Different? A Quantitative
                  Comparison of the US State Department and Amnesty
                  International Human Rights Reports, 1976-1995},
  author =	 {Poe, Steven C. and Carey, Sabine C. and Vazquez,
                  Tanya C.},
  journal =	 {Human Rights Quarterly},
  volume =	 23,
  number =	 3,
  pages =	 {650--677},
  year =	 2001,
  publisher =	 {The Johns Hopkins University Press}
}

@INCOLLECTION{Poe2004,
  author =	 {Steven C. Poe},
  title =	 {The Decision to Repress: An Integrative Theoretical
                  Approach to the Research on Human Rights and
                  Repression},
  booktitle =	 {Understanding Human Rights Violations: New
                  Systematic Studies},
  publisher =	 {Ashgate},
  year =	 2004,
  editor =	 {Sabine C. Carey and Steven C. Poe}
}

@article{PoeRostCarey2006,
  title =	 {Assessing Risk and Opportunity in Conflict Studies A
                  Human Rights Analysis},
  author =	 {Poe, Steven C and Rost, Nicolas and Carey, Sabine C},
  journal =	 {Journal of Conflict Resolution},
  volume =	 50,
  number =	 4,
  pages =	 {484--507},
  year =	 2006,
  publisher =	 {Sage Publications}
}

@ARTICLE{PoeTate1994,
  author =	 {Steven Poe and C. Neal Tate},
  title =	 {Repression of Personal Integrity Rights in the
                  1980's: A Global Analysis},
  journal =	 APSR,
  year =	 1994,
  volume =	 88,
  pages =	 {853-872}
}

@ARTICLE{Poeetal1999,
  author =	 {Steven Poe and C. Neal Tate and Linda Camp Keith},
  title =	 {Repression of the Human Right to Personal Integrity
                  Revisited: A Global, Cross-National Study Covering
                  the Years 1976-1993},
  journal =	 ISQ,
  year =	 1999,
  volume =	 43,
  pages =	 {291-313}
}

@book{PooleRosenthal1997,
  title =	 {Congress: A political-economic history of roll call
                  voting},
  author =	 {Poole, Keith T. and Rosenthal, Howard},
  year =	 1997,
  publisher =	 {Oxford University Press, USA}
}

@article{Pound1915,
  title =	 {Interests of Personality},
  author =	 {Pound, Roscoe},
  journal =	 {Harvard Law Review},
  volume =	 28,
  number =	 4,
  pages =	 {343--365},
  year =	 1915,
  publisher =	 {JSTOR}
}

@article{PowellMitchell2007,
  title =	 {The International Court of Justice and the World's
                  Three Legal Systems},
  author =	 {Powell, Emilia Justyna and Mitchell, Sarah
                  McLaughlin},
  journal =	 {Journal of Politics},
  volume =	 69,
  number =	 2,
  pages =	 {397--415},
  year =	 2007,
  publisher =	 {Wiley Online Library}
}

@article{PowellRickard2010,
  title =	 {International Trade and Domestic Legal Systems:
                  Examining the Impact of Islamic Law},
  author =	 {Powell, Emilia Justyna and Rickard, Stephanie},
  journal =	 {International Interactions},
  volume =	 36,
  number =	 4,
  pages =	 {335--362},
  year =	 2010,
  publisher =	 {Taylor \& Francis}
}

@ARTICLE{PowellStaton2009,
  AUTHOR =	 {Emilia J. Powell and Jeffrey K. Staton},
  TITLE =	 {Domestic Judicial Institutions and Human Rights
                  Treaty Violation},
  JOURNAL =	 {International Studies Quarterly},
  year =	 2009,
  volume =	 53,
  number =	 1,
  pages =	 {149 - 174}
}

@book{Przeworski1991,
  title =	 {Democracy and the Market: Political and Economic
                  Reforms in Eastern Europe and Latin America},
  author =	 {Przeworski, Adam},
  year =	 1991,
  publisher =	 {Cambridge University Press},
  address =	 {New York}
}

@ARTICLE{Przeworskietal1996,
  author =	 {Przeworski, Adam and Michael Alvarez and Jos\'{e}
                  Antonio Cheibub and Fernando Limongi},
  title =	 {What Makes Democracies Endure?},
  journal =	 {Journal of Democracy},
  year =	 1996,
  volume =	 7,
  pages =	 {31--55},
  number =	 1
}

@BOOK{Przeworskietal2000,
  title =	 {Democracy and Development: Political Insititutions
                  and Well-Being in the World, 1950--1990},
  publisher =	 {Cambridge University Press},
  year =	 2000,
  author =	 {Adam Przeworski and Michael Alvarez and Jos\'{e}
                  Antonio Cheibub and Fernando Limongi},
  address =	 {New York}
}

@article{Rasler1996,
  title =	 {Concessions, repression, and political protest in
                  the Iranian revolution},
  author =	 {Rasler, Karen},
  journal =	 {American Sociological Review},
  pages =	 {132--152},
  year =	 1996,
  publisher =	 {JSTOR}
}

@article{Reckase1997,
  title =	 {The past and future of multidimensional item
                  response theory},
  author =	 {Reckase, Mark D.},
  journal =	 {Applied Psychological Measurement},
  volume =	 21,
  number =	 1,
  pages =	 25,
  year =	 1997,
  publisher =	 {Sage Publications}
}

@article{Redgwell1997,
  title =	 {Reservations to Treaties and Human Rights Committee
                  General Comment No. 24 (52)},
  author =	 {Redgwell, Catherine J.},
  journal =	 {International and Comparative Law Quarterly},
  volume =	 46,
  number =	 02,
  pages =	 {390--412},
  year =	 1997,
  publisher =	 {Cambridge Univ Press}
}

@article{Regan1996,
  title =	 {Conditions of Successful Third-Party Intervention in
                  Intrastate Conflicts},
  author =	 {Regan, Patrick M.},
  journal =	 {Journal of Conflict Resolution},
  volume =	 40,
  number =	 2,
  pages =	 {336--359},
  year =	 1996,
  publisher =	 {JSTOR}
}

@article{Regan2002,
  title =	 {Third-Party Interventions and the Duration of
                  Intrastate Conflicts},
  author =	 {Regan, Patrick M.},
  journal =	 {Journal of Conflict Resolution},
  volume =	 46,
  number =	 1,
  pages =	 55,
  year =	 2002,
  publisher =	 {Peace Science Soc}
}

@BOOK{Rejali2007,
  title =	 {Torture and Democracy},
  publisher =	 {Princeton University Press},
  year =	 2007,
  author =	 {Darius Rejali},
  address =	 {Princeton, New Jersey}
}

@article{RichardsGellenySacko2001,
  title =	 {Money With a Mean Streak? Foreign Economic
                  Penetration and Government Respect for Human Rights
                  in Developing Countries},
  author =	 {Richards, David L and Gelleny, Ronald D. and Sacko,
                  David H.},
  journal =	 {International Studies Quarterly},
  volume =	 45,
  number =	 2,
  pages =	 {219--239},
  year =	 2001,
  publisher =	 {Wiley Online Library}
}

@article{Ringquist2005,
  title =	 {Assessing the Effectiveness of International
                  Environmental Agreements: the Case of the 1985
                  Helsinki Protocol},
  author =	 {Ringquist, Evan J. and Kostadinova, Tatiana},
  journal =	 {American Journal of Political Science},
  volume =	 49,
  number =	 1,
  pages =	 {86--102},
  year =	 2005,
  publisher =	 {John Wiley \& Sons}
}

@article{RiosStaton2012,
  title =	 {An Evaluation of Cross-National Measures of Judicial
                  Independence},
  author =	 {R{\'\i}os-Figueroa, Julio and Staton, Jeffrey K},
  journal =	 {Journal of Law, Economics, and Organization},
  year =	 2012,
  publisher =	 {Oxford Univ Press}
}

@book{RisseRoppSikkink1999,
  title =	 {The Power of Human Rights: International Norms and
                  Domestic Change},
  editor =	 {Risse, Thomas and Ropp, Stephen C. and Sikkink,
                  Kathryn},
  year =	 1999,
  address =	 {New York},
  publisher =	 {Cambridge University Press}
}

@INCOLLECTION{RisseSikkink1999,
  author =	 {Risse, Thomas and Sikkink, Kathryn},
  title =	 {The Socialization of International Human Rights
                  Norms into Domestic Practices: Introduction},
  booktitle =	 {The Power of Human Rights: International Norms and
                  Domestic Change},
  publisher =	 {Cambridge University Press},
  year =	 1999,
  editor =	 {Risse, Thomas and Ropp, Stephen C. and Sikkink,
                  Kathryn},
  pages =	 {1--38},
  address =	 {New York}
}

@article{RitterJCR,
  title =	 {Policy Disputes, Political Survival, and the Onset
                  and Severity of State Repression},
  author =	 {Ritter, Emily Hencken},
  journal =	 {Journal of Conflict Resolution},
  year =	 {Forthcoming},
  publisher =	 {SAGE Publications}
}

@ARTICLE{RonRamosRodgers2005,
  author =	 {Ron, James and Ramos, Howard and Rodgers, Kathleen},
  title =	 {Transnational Information Politics: NGO Human Rights
                  Reporting, 1986-2000},
  journal =	 {International Studies Quarterly},
  year =	 2005,
  volume =	 49,
  pages =	 {557--588},
  number =	 3,
  month =	 {September}
}

@article{RosenthalVoeten2007,
  title =	 {Measuring legal systems},
  author =	 {Rosenthal, Howard and Voeten, Erik},
  journal =	 {Journal of Comparative Economics},
  volume =	 35,
  number =	 4,
  pages =	 {711--728},
  year =	 2007,
  publisher =	 {Elsevier}
}

@article{Ross2004,
  title =	 {How do Natural Resources Influence Civil War?
                  Evidence from Thirteen Cases},
  author =	 {Ross, Michael},
  journal =	 {International Organization},
  volume =	 58,
  number =	 01,
  pages =	 {35--67},
  year =	 2004,
  publisher =	 {Cambridge Univ Press}
}

@article{Ross2006,
  title =	 {A Closer Look at Oil, Diamonds, and Civil War},
  author =	 {Ross, Michael},
  year =	 2006,
  journal =	 {Annual Review of Political Science},
  volume =	 9,
  pages =	 {265--300},
  publisher =	 {Annual Reviews}
}

@article{RuddellUrbina2004,
  title =	 {Minority Threat and Punishment: A Cross-National
                  Analysis},
  author =	 {Ruddell, Rick and Urbina, Martin G.},
  journal =	 {Justice Quarterly},
  volume =	 21,
  number =	 4,
  pages =	 {903--931},
  year =	 2004,
  publisher =	 {Taylor \& Francis}
}

@article{Rudolph2003,
  title =	 {Constructing an Atrocities Regime: The Politics of
                  War Crimes Tribunals},
  author =	 {Rudolph, Christopher},
  journal =	 {International Organization},
  volume =	 55,
  number =	 03,
  pages =	 {655--691},
  year =	 2003,
  publisher =	 {Cambridge Univ Press}
}

@article{Rummel1995,
  title =	 {Democracy, power, genocide, and mass murder},
  author =	 {Rummel, Rudolph J},
  journal =	 {Journal of Conflict Resolution},
  volume =	 39,
  number =	 1,
  pages =	 {3--26},
  year =	 1995,
  publisher =	 {Sage Publications}
}

@article{Sagan1996,
  title =	 {Why Do States Build Nuclear Weapons?: Three Models
                  in Search of a Bomb},
  author =	 {Sagan, Scott D.},
  journal =	 {International Security},
  volume =	 21,
  number =	 3,
  pages =	 {54--86},
  year =	 1996,
  publisher =	 {JSTOR}
}

@article{Schabas1996,
  title =	 {Reservations to the Convention on the Rights of the
                  Child},
  author =	 {Schabas, William},
  journal =	 {Human Rights Quarterly},
  volume =	 18,
  number =	 2,
  pages =	 {472--491},
  year =	 1996,
  publisher =	 {The Johns Hopkins University Press}
}

@book{Schabas2004,
  title =	 {An Introduction to the International Criminal Court},
  author =	 {Schabas, William},
  year =	 2004,
  publisher =	 {Cambridge University Press}
}

@BOOK{Schelling1960,
  title =	 {The Strategy of Conflict},
  author =	 {Schelling, Thomas C.},
  publisher =	 {Harvard University Press},
  year =	 1960,
  address =	 {Cambridge}
}

@article{Sen2004,
  title =	 {Elements of a Theory of Human Rights},
  author =	 {Sen, Amartya},
  journal =	 {Philosophy \& Public Affairs},
  volume =	 32,
  number =	 4,
  pages =	 {315--356},
  year =	 2004,
  publisher =	 {Wiley Online Library}
}

@article{Shellman2006,
  title =	 {Leaders' motivations and actions: Explaining
                  government-dissident conflict-cooperation processes},
  author =	 {Shellman, Stephen M},
  journal =	 {Conflict Management and Peace Science},
  volume =	 23,
  number =	 1,
  pages =	 {73--90},
  year =	 2006,
  publisher =	 {Taylor \& Francis}
}

@book{Sieghart1983,
  title =	 {The International Law of Human Rights},
  author =	 {Sieghart, Paul},
  year =	 1983,
  publisher =	 {Oxford University Press}
}

@article{Simmons1998,
  title =	 {Compliance With International Agreements},
  author =	 {Simmons, Beth A.},
  journal =	 {Annual Review of Political Science},
  volume =	 1,
  number =	 1,
  pages =	 {75--93},
  year =	 1998,
  publisher =	 {Annual Reviews}
}

@ARTICLE{Simmons2000,
  author =	 {Simmons, Beth A.},
  title =	 {International Law and State Behavior: Commitment and
                  Compliance in International Monetary Affairs},
  journal =	 {The American Political Science Review},
  year =	 2000,
  volume =	 94,
  pages =	 {819--835},
  number =	 4,
  publisher =	 {JSTOR}
}

@BOOK{Simmons2009,
  author =	 {Beth A. Simmons},
  title =	 {Mobilizing for Human Rights: International Law in
                  Domestic Politics},
  year =	 2009,
  publisher =	 {Cambridge University Press},
  address =	 {New York}
}

@article{SimmonsHopkins2005,
  title =	 {The Constraining Power of International Treaties:
                  Theory and Methods},
  author =	 {Simmons, Beth A. and Hopkins, Daniel J.},
  journal =	 {American Political Science Review},
  volume =	 99,
  number =	 4,
  pages =	 {623--631},
  year =	 2005,
  publisher =	 {Cambridge Univ Press}
}

@article{SinghWay2004,
  title =	 {The Correlates of Nuclear Proliferation: A
                  Quantitative Test},
  author =	 {Singh, Sonali and Way, Christopher R.},
  journal =	 {Journal of Conflict Resolution},
  volume =	 48,
  number =	 6,
  pages =	 859,
  year =	 2004,
  publisher =	 {Peace Science Soc}
}

@book{Sloss2009,
  title =	 {The Role of Domestic Courts in Treaty Enforcement: a
                  Comparative Study},
  editor =	 {Sloss, David},
  year =	 2009,
  publisher =	 {Cambridge University Press},
  address =	 {New York}
}

@article{Smith2009,
  title =	 {Explaining the Non-Proliferation Regime: Anomalies
                  for Contemporary International Relations Theory},
  author =	 {Smith, Roger K.},
  journal =	 {International Organization},
  volume =	 41,
  number =	 02,
  pages =	 {253--281},
  year =	 2009,
  publisher =	 {Cambridge Univ Press}
}

@article{Somers1962,
  title =	 {A New Asymmetric Measure of Association for Ordinal
                  Variables},
  author =	 {Somers, Robert H.},
  journal =	 {American Sociological Review},
  pages =	 {799--811},
  year =	 1962,
  publisher =	 {JSTOR}
}

@book{Spencer1893,
  title =	 {The Principles of Ethics Vol. 2},
  author =	 {Spencer, Herbert},
  year =	 1893,
  publisher =	 {D. Appleton \& Company},
  address =	 {New York}
}

@ARTICLE{SpilkerBohmelt2012,
  author =	 {Spilker, Gabriele and Tobias Bohmelt},
  title =	 {The Impact of Preferential Trade Agreements on
                  Governmental Repression Revisited},
  journal =	 {Review of International Organizations},
  year =	 2012,
}

@ARTICLE{Staton2006,
  author =	 {Staton, Jeffrey K.},
  title =	 {Constitutional Review and the Selective Promotion of
                  Case Results},
  journal =	 {American Journal of Political Science},
  year =	 2006,
  volume =	 50,
  pages =	 {98--112},
  number =	 1,
  publisher =	 {Blackwell Synergy}
}

@ARTICLE{StatonMoore2011,
  author =	 {Staton, Jeffrey K. and Will H. Moore},
  title =	 {Judicial Power in Domestic and International
                  Politics},
  journal =	 {International Organization},
  year =	 2011,
  volume =	 65,
  pages =	 {553--587},
  number =	 3
}

@article{Stohletal1986,
  title =	 {State Violation of Human Rights: Issues and Problems
                  of Measurement},
  author =	 {Stohl, Michael and Carleton, David and Lopez, George
                  and Samuels, Stephen},
  journal =	 {Human Rights Quarterly},
  volume =	 8,
  pages =	 592,
  year =	 1986,
  publisher =	 {HeinOnline}
}

@Article{Sturtzetal2005,
  title =	 {R2WinBUGS: A Package for Running WinBUGS from R},
  author =	 {Sturtz, Sibylle and Ligges, Uwe and Gelman, Andrew},
  journal =	 {Journal of Statistical Software},
  year =	 2005,
  pages =	 {1--16},
  number =	 3,
  volume =	 12,
  url =		 {http://www.jstatsoft.org}
}

@article{Swaine2006,
  title =	 {Reserving},
  author =	 {Swaine, Edward T.},
  journal =	 {Yale Journal of International Law},
  volume =	 31,
  pages =	 307,
  year =	 2006,
  publisher =	 {HeinOnline}
}

@article{TaylorJodice1983,
  title =	 {World handbook of social and political indicators},
  author =	 {Taylor, Charles L and Jodice, David},
  journal =	 {New Haven},
  year =	 1983
}

@article{ThemnerWallensteen2012,
  title =	 {Armed Conflicts, 1946--2011},
  author =	 {Themn{\'e}r, Lotta and Wallensteen, Peter},
  journal =	 {Journal of Peace Research},
  volume =	 49,
  number =	 4,
  pages =	 {565--575},
  year =	 2012,
  publisher =	 {SAGE Publications}
}

@incollection{Thomas1999,
  title =	 {The Helsinki Accords and Political Change in Eastern
                  Europe},
  author =	 {Thomas, Daniel C.},
  booktitle =	 {The Power of Human Rights: International Norms and
                  Domestic Change},
  editor =	 {Risse, Thomas and Ropp, Stephen C. and Sikkink,
                  Kathryn},
  pages =	 {205--233},
  year =	 1999,
  publisher =	 {Cambridge University Press}
}

@BOOK{Tilly1978,
  title =	 {From Mobilization to Revolution},
  publisher =	 {Addison-Wesley},
  year =	 1978,
  author =	 {Charles Tilly},
  address =	 {Massachusetts}
}

@incollection{Tilly1985,
  title =	 {War Making and State Making as Organized Crime},
  author =	 {Tilly, Charles},
  booktitle =	 {Bringing the State Back In},
  editor =	 {Skocpol, Theda},
  pages =	 {169--91},
  year =	 1985,
  publisher =	 {Cambridge University Press}
}

@article{TreierJackman2008,
  title =	 {Democracy as a latent variable},
  author =	 {Treier, Shawn and Jackman, Simon},
  journal =	 {American Journal of Political Science},
  volume =	 52,
  number =	 1,
  pages =	 {201--217},
  year =	 2008,
  publisher =	 {Wiley Online Library}
}

@book{Triska1986,
  title =	 {Dominant Powers and Subordinate States},
  editor =	 {Triska, Jan F.},
  year =	 1986,
  publisher =	 {Duke University Press}
}

@article{Twiss2007,
  title =	 {Torture, Justification, and Human Rights: Toward an
                  Absolute Proscription},
  author =	 {Twiss, Sumner B.},
  journal =	 {Human Rights Quarterly},
  volume =	 29,
  number =	 2,
  pages =	 {346--367},
  year =	 2007,
  publisher =	 {The Johns Hopkins University Press}
}

@article{Urdal2006,
  title =	 {A clash of generations? Youth bulges and political
                  violence},
  author =	 {Urdal, Henrik},
  journal =	 {International Studies Quarterly},
  volume =	 50,
  number =	 3,
  pages =	 {607--629},
  year =	 2006,
  publisher =	 {Wiley Online Library}
}

@article{Valentino2006,
  title =	 {Covenants Without the Sword: International Law and
                  the Protection of Civilians in Times of War},
  author =	 {Valentino, Benjamin and Huth, Paul and Croco, Sarah},
  journal =	 {World Politics},
  volume =	 58,
  number =	 3,
  pages =	 {339--377},
  year =	 2006
}

@article{Valentinoetal2004,
  author =	 {Benjamin Valentino and Paul Huth and Dylan
                  Balch-Lindsay},
  title =	 {Draining the Sea: Mass Killing and Guerrilla
                  Warfare},
  journal =	 {International Organization},
  year =	 2004,
  volume =	 58,
  pages =	 {375-407},
  issue =	 2
}

@BOOK{VanBelle2000,
  title =	 {Press Freedom and Global Politics},
  publisher =	 {Praeger},
  year =	 2000,
  author =	 {Van Belle, Douglas A.},
  address =	 {Westport}
}

@BOOK{Vanberg2005,
  title =	 {The Politics of Constitutional Review in Germany},
  publisher =	 {Cambridge University Press},
  year =	 2005,
  author =	 {Vanberg, Georg},
  address =	 {New York}
}

@article{Voeten2000,
  title =	 {Clashes in the Assembly},
  author =	 {Voeten, Erik},
  journal =	 {International Organization},
  volume =	 54,
  number =	 2,
  pages =	 {185--215},
  year =	 2000,
  publisher =	 {Cambridge Univ Press}
}

@article{Voeten2005,
  title =	 {The Political Origins of the UN Security Council's
                  Ability to Legitimize the Use of Force},
  author =	 {Voeten, Erik},
  journal =	 {International Organization},
  volume =	 59,
  number =	 3,
  pages =	 527,
  year =	 2005,
  publisher =	 {Cambridge Univ Press}
}

@book{Vreeland2003,
  title =	 {The IMF and Economic Development},
  author =	 {Vreeland, James R.},
  year =	 2003,
  publisher =	 {Cambridge University Press}
}

@article{Vreeland2008,
  title =	 {Political Institutions and Human Rights: Why
                  Dictatorships Enter into the United Nations
                  Convention Against Torture},
  author =	 {Vreeland, James R.},
  journal =	 {International Organization},
  volume =	 62,
  number =	 01,
  pages =	 {65--101},
  year =	 2008,
  publisher =	 {Cambridge Univ Press}
}

@BOOK{Wagner2007,
  title =	 {War and the State: The Theory of International
                  Politics},
  publisher =	 {University of Michigan Press},
  year =	 2007,
  author =	 {Wagner, R. Harrison},
  address =	 {Ann Arbor}
}

@book{Walter1969,
  title =	 {Terror and Resistance: A Study of Political
                  Violence, with Case Studies of Some Primitive
                  African Communities},
  author =	 {Walter, Eugene V.},
  year =	 1969,
  publisher =	 {Oxford University Press},
  address =	 {New York}
}

@BOOK{Waltz1959,
  title =	 {Man, the state and war},
  publisher =	 {Columbia University Press},
  year =	 1959,
  author =	 {Waltz, Kenneth N.},
  address =	 {New York}
}

@BOOK{Waltz1979,
  title =	 {Theory of international politics},
  publisher =	 {McGraw-Hill},
  year =	 1979,
  author =	 {Waltz, Kenneth N.},
  address =	 {Boston}
}

@article{Ward2006,
  title =	 {International Linkages and Environmental
                  Sustainability: The Effectiveness of the Regime
                  Network},
  author =	 {Ward, Hugh},
  journal =	 {Journal of Peace Research},
  volume =	 43,
  number =	 2,
  pages =	 149,
  year =	 2006,
  publisher =	 {PRIO}
}

@article{WardHoff2007,
  title =	 {Persistent patterns of international commerce},
  author =	 {Ward, Michael D. and Hoff, Peter D.},
  journal =	 {Journal of Peace Research},
  volume =	 44,
  number =	 2,
  pages =	 {157--175},
  year =	 2007,
  publisher =	 {Sage Publications}
}

@article{WardSiversonCao2007,
  title =	 {Disputes, democracies, and dependencies: A
                  reexamination of the Kantian peace},
  author =	 {Ward, Michael D. and Siverson, Randolph M. and Cao,
                  Xun},
  journal =	 {American Journal of Political Science},
  volume =	 51,
  number =	 3,
  pages =	 {583--601},
  year =	 2007,
  publisher =	 {Wiley Online Library}
}

@article{Wardetal2010,
  title =	 {The Perils of Policy by P-Value: Predicting Civil
                  Conflicts},
  author =	 {Ward, Michael D. and Greenhill, Brian D. and Bakke,
                  Kristin M.},
  journal =	 {Journal of Peace Research},
  volume =	 47,
  number =	 4,
  pages =	 {363--375},
  year =	 2010,
  publisher =	 {SAGE Publications}
}

@article{Wardetal2012,
  title =	 {Learning From the Past and Stepping Inot The Future:
                  The Next Generation of Crisis Predition},
  author =	 {Ward, Michael D. and Metternich, Nils W. and Dorff,
                  Cassy and Gallop, Max and Hollenbach, Florian M. and
                  Schultz, Anna and Weschle, Simon},
  year =	 2012,
  note =	 {Working paper, Duke University}
}

@ARTICLE{Weingast1997,
  author =	 {Barry Weingast},
  title =	 {The Political Foundations of Democracy and the Rule
                  of Law},
  journal =	 {American Political Science Review},
  year =	 1997,
  volume =	 91,
  pages =	 {245-263},
  number =	 2
}

@ARTICLE{WesternJackman1994,
  author =	 {Bruce Western and Simon Jackman},
  title =	 {Bayesian Inference in Comparative Research},
  journal =	 {American Journal of Political Science},
  year =	 1994,
  volume =	 88,
  pages =	 {412-423}
}

@MISC{Wiik2002,
  author =	 {Robert Wiik},
  title =	 {Democratisation in the Name of Civil Society. A
                  Quantitative Analysis of the Impact of
                  Non-governmental Organisations on Democratisation},
  year =	 2002,
  institution =	 {Norwegian University of Science and Technology},
  notes =	 {Master Thesis},
  organization = {Department of Sociology and Political Science}
}

@article{WoodGibney2010,
  title =	 {The Political Terror Scale (PTS): a Re-Introduction
                  and a Comparison to CIRI},
  author =	 {Wood, Reed M. and Gibney, Mark},
  journal =	 {Human Rights Quarterly},
  volume =	 32,
  number =	 2,
  pages =	 {367--400},
  year =	 2010,
  publisher =	 {The Johns Hopkins University Press}
}

@MISC{WorldBank2012,
  author =	 {World Bank},
  title =	 {World Bank Development Indicators},
  year =	 2012,
  address =	 {Washington},
  publisher =	 {World Bank}
}

@article{Young1989,
  title =	 {The Politics of International Regime Formation:
                  Managing Natural Resources and the Environment},
  author =	 {Young, Oran R.},
  journal =	 {International Organization},
  volume =	 43,
  number =	 03,
  pages =	 {349--375},
  year =	 1989,
  publisher =	 {Cambridge Univ Press}
}

@PHDTHESIS{YoungJK2008,
  author =	 {Joseph K. Young},
  title =	 {Repression, Dissent and the Onset of Civil War},
  year =	 2008,
  school =	 {Florida State University},
  url =
                  {http://etd.lib.fsu.edu/theses/available/etd-07062008-221330/}
}

@article{Zamudio1981,
  title =	 {Writ of Amparo in Latin America, The},
  author =	 {Zamudio, Hector Fix},
  journal =	 {Lawyer of the Americas},
  volume =	 13,
  pages =	 361,
  year =	 1981,
  publisher =	 {HeinOnline}
}

@article{beck2001new,
  title =	 {New tools in comparative political economy: The
                  Database of Political Institutions},
  author =	 {Beck, Thorsten and Clarke, George and Groff, Alberto
                  and Keefer, Philip and Walsh, Patrick},
  journal =	 {The World Bank Economic Review},
  volume =	 15,
  number =	 1,
  pages =	 {165--176},
  year =	 2001,
  publisher =	 {World Bank}
}

@book{berk2008statistical,
  title =	 {Statistical learning from a regression perspective},
  author =	 {Berk, Richard A},
  year =	 2008,
  publisher =	 {Springer}
}

@article{biau2008consistency,
  title =	 {Consistency of random forests and other averaging
                  classifiers},
  author =	 {Biau, G{\'e}rard and Devroye, Luc and Lugosi,
                  G{\'a}bor},
  journal =	 {The Journal of Machine Learning Research},
  volume =	 9,
  pages =	 {2015--2033},
  year =	 2008,
  publisher =	 {JMLR. org}
}

@book{breiman1984classification,
  title =	 {Classification and regression trees},
  author =	 {Breiman, Leo and Friedman, Jerome and Stone, Charles
                  J and Olshen, Richard A},
  year =	 1984,
  publisher =	 {CRC press}
}

@article{breiman2001random,
  title =	 {Random forests},
  author =	 {Breiman, Leo},
  journal =	 {Machine learning},
  volume =	 45,
  number =	 1,
  pages =	 {5--32},
  year =	 2001,
  publisher =	 {Springer}
}

@article{buuren2011mice,
  title =	 {MICE: Multivariate imputation by chained equations
                  in R},
  author =	 {Buuren, Stef and Groothuis-Oudshoorn, Karin},
  journal =	 {Journal of statistical software},
  volume =	 45,
  number =	 3,
  year =	 2011,
  publisher =	 {American Statistical Association}
}

@article{gleditsch2002expanded,
  title =	 {Expanded trade and GDP data},
  author =	 {Gleditsch, Kristian Skrede},
  journal =	 {Journal of Conflict Resolution},
  volume =	 46,
  number =	 5,
  pages =	 {712--724},
  year =	 2002,
  publisher =	 {Sage Publications}
}

@article{hill2013concept,
  title =	 {The Concept of Personal Integrity Rights In
                  Empirical Research},
  author =	 {Hill Jr, Daniel W},
  year =	 2013
}

@article{hothorn2006unbiased,
  title =	 {Unbiased recursive partitioning: A conditional
                  inference framework},
  author =	 {Hothorn, Torsten and Hornik, Kurt and Zeileis,
                  Achim},
  journal =	 {Journal of Computational and Graphical Statistics},
  volume =	 15,
  number =	 3,
  year =	 2006
}

@PhdThesis{jolani2012,
  title =	 {Dual Imputation Strategies for Analyzing Incomplete
                  Data},
  author =	 {Jolani, S.},
  school =	 {University of Utrecht},
  month =	 {December},
  year =	 2012
}

@book{murphy2012machine,
  title =	 {Machine learning: a probabilistic perspective},
  author =	 {Murphy, Kevin P},
  year =	 2012,
  publisher =	 {The MIT Press}
}

@book{politis-sub,
  title =	 {Subsampling},
  publisher =	 {Springer},
  year =	 1999,
  author =	 {Politis, D.N. and Romano, J.P. and Wolf, M.},
  address =	 {New York}
}

@article{powell2007international,
  title =	 {The International Court of Justice and the World's
                  Three Legal Systems},
  author =	 {Powell, Emilia Justyna and Mitchell, Sara
                  McLaughlin},
  journal =	 {Journal of Politics},
  volume =	 69,
  number =	 2,
  pages =	 {397--415},
  year =	 2007,
  publisher =	 {Wiley Online Library}
}

@article{siroky2009navigating,
  title =	 {Navigating random forests and related advances in
                  algorithmic modeling},
  author =	 {Siroky, David S and others},
  journal =	 {Statistics Surveys},
  volume =	 3,
  pages =	 {147--163},
  year =	 2009,
  publisher =	 {The author, under a Creative Commons Attribution
                  License}
}

@article{strobl2007bias,
  title =	 {Bias in random forest variable importance measures:
                  Illustrations, sources and a solution},
  author =	 {Strobl, Carolin and Boulesteix, Anne-Laure and
                  Zeileis, Achim and Hothorn, Torsten},
  journal =	 {BMC bioinformatics},
  volume =	 8,
  number =	 1,
  pages =	 25,
  year =	 2007,
  publisher =	 {BioMed Central Ltd}
}

@article{strobl2008conditional,
  title =	 {Conditional variable importance for random forests},
  author =	 {Strobl, Carolin and Boulesteix, Anne-Laure and
                  Kneib, Thomas and Augustin, Thomas and Zeileis,
                  Achim},
  journal =	 {BMC bioinformatics},
  volume =	 9,
  number =	 1,
  pages =	 307,
  year =	 2008,
  publisher =	 {BioMed Central Ltd}
}

@article{strobl2009introduction,
  title =	 {An introduction to recursive partitioning:
                  rationale, application, and characteristics of
                  classification and regression trees, bagging, and
                  random forests.},
  author =	 {Strobl, Carolin and Malley, James and Tutz, Gerhard},
  journal =	 {Psychological methods},
  volume =	 14,
  number =	 4,
  pages =	 323,
  year =	 2009,
  publisher =	 {American Psychological Association}
}

@article{summers1991penn,
  title =	 {The Penn World Table (Mark 5): an expanded set of
                  international comparisons, 1950--1988},
  author =	 {Summers, Robert and Heston, Alan},
  journal =	 {The Quarterly Journal of Economics},
  volume =	 106,
  number =	 2,
  pages =	 {327--368},
  year =	 1991,
  publisher =	 {Oxford University Press}
}

@ARTICLE{vonStein2005,
  author =	 {Von Stein, Jana},
  title =	 {Do Treaties Constrain or Screen? Selection Bias and
                  Treaty Compliance},
  journal =	 {American Political Science Review},
  year =	 2005,
  volume =	 99,
  pages =	 {611--622},
  number =	 4,
  publisher =	 {Cambridge Univ Press}
}
